2990 4918
262 528 324 580 stis
341 527 501 580 soculslcl
514 530 628 581 CONTRA
644 484 768 583 munus
783 522 952 591 sublimus*
962 533 1148 605 subnubilus.
1182 532 1215 583 63

243 653 391 744 Namque
415 655 603 725 Aristoteles
627 656 738 737 altius,
762 661 861 748 qubm
884 679 1034 748 unquam
1056 657 1151 743 eliis,
1177 657 1214 727 in

199 770 287 861 ipses
299 772 420 862 Hippias
437 771 580 841 rationes
599 779 759 862 penetrat,
779 780 877 863 atque
891 775 1034 849 Socratis
1058 780 1091 842 et
1105 774 1213 844 Pleto-

199 985 248 1034 ἀλλ’
262 987 306 1042 ils
320 990 428 1051 φρόνησις
442 988 569 1051 ίτιιστήμη,
583 993 624 1037 καί
638 989 722 1047 bloet<
735 1009 759 1039 τι
771 985 831 1054 [καί]
843 991 917 1042 ταὺτὸ
926 997 1019 1047 ποιήσει
1032 992 1137 1055 obsesso·
1147 991 1213 1040 ίνδί·

198 1083 266 1128 χοιτο
277 1072 323 1127 γὰρ
336 1068 364 1116 ἄν
378 1068 481 1132 ἀφρόνως
498 1068 546 1119 ἀπὸ
560 1074 698 1137 φρονήσεως,
719 1074 759 1119 καί
768 1073 914 1133 ἁμαρτάνειν
928 1071 1005 1122 ταῦτὰ
1019 1071 1081 1140 ἅπερ
1095 1073 1107 1121 ὁ
1124 1072 1212 1140 ἄφρων.

197 1149 227 1195 Εἰ
240 1148 265 1196 δὲ
279 1150 341 1204 ἁπλῆ
354 1146 369 1206 ἦ
380 1150 480 1201 όκάστον
489 1153 586 1218 χριίαῇ
597 1149 701 1209 innovor,
714 1151 757 1200 κᾶν
770 1157 886 1219 φρονίμως
896 1150 1011 1220 ἔπραττον
1021 1150 1082 1203 οὕτω
1093 1156 1215 1220 πράττον-

197 1246 243 1284 τες.
253 1227 311 1278 Ἐπί
324 1225 410 1292 μὲνοῦν
419 1238 473 1286 ταῖς
482 1230 563 1287 ἄλλαις
575 1230 717 1294 λπιστήμαις
726 1232 784 1286 ἄλλη
795 1237 865 1299 κυρία
880 1237 1001 1288 ποιεῖτὴν
1022 1237 1131 1295 στροφήν·
1143 1231 1215 1289 αι’ντῆς

198 1307 223 1356 δὲ
238 1315 280 1364 τῆς
289 1317 368 1359 πασῶν
379 1316 526 1374 κνρίαςτίςς
543 1309 570 1360 οὔ
584 1316 631 1374 γὰρ
642 1308 696 1374 [ἔτι]
715 1309 834 1374 ίπιστήμη
848 1329 875 1374 γι
891 1308 915 1375 [ἦ
929 1309 996 1375 νοῦςΙ.
1011 1309 1085 1361 Ἀλλὰ
1098 1318 1146 1373 μὴν
1160 1309 1213 1361 οὔδ’

197 1389 277 1458 ἀρετή.
288 1395 380 1459 Χρῆται
388 1397 435 1459 γὰρ
450 1392 518 1455 αὐτῇ·
532 1394 545 1446 ἡ
558 1396 605 1456 γὰρ
616 1393 781 1459 τοῦάρχοντος
789 1394 861 1455 ἀρετὴ
876 1400 905 1455 τῇ
916 1399 958 1443 τοῦ
970 1393 1103 1457 ἀρχομένου
1113 1402 1212 1461 χρῆται.

196 1474 237 1527 Τίς
244 1465 284 1519 οὖν
294 1471 370 1534 loom
382 1473 398 1527 ἣ
414 1470 493 1535 ὥσπερ
509 1473 603 1533 λέγεται
615 1466 720 1535 ἀκρασία
740 1478 813 1522 κακία
827 1475 869 1522 τοῦ
877 1472 963 1534 ἀλόγου
976 1480 1017 1530 τῆς
1026 1477 1112 1535 ψυχῆς,
1124 1476 1165 1521 καί
1180 1475 1212 1529 ὡς

196 1549 324 1608 ἀκόλαστος
337 1554 349 1599 ό
359 1552 463 1617 ἀκρατὴς
474 1551 535 1614 ἔχων
546 1556 604 1602 νοῦν.
616 1549 679 1602 Ἀλλ’
690 1551 738 1608 ἤδη
746 1553 774 1601 ἃν
783 1550 894 1615 όσχνρὰῇ
906 1553 1051 1616 ἡίιιιόνμία,
1066 1557 1161 1619 στρέψει
1171 1558 1213 1602 καί

194 1630 311 1692 λογιεῖται
324 1633 445 1685 τάναντία·
458 1632 504 1688 ἦ...
521 1650 592 1696 σφι...
609 1631 677 1687 δῆλον
692 1631 741 1692 ότι,
760 1632 803 1682 κόιν
823 1632 845 1680 όν
857 1637 900 1695 μὲν
913 1634 989 1696 τούτῳ
1009 1633 1080 1700 ἀρετὴ
1094 1632 1117 1680 ἂν
1134 1633 1159 1681 δὲ
1179 1641 1213 1695 τῷ

196 1711 272 1775 ἀλόγῳ
288 1712 372 1777 ἄγνοια
383 1709 409 1775 ᾖ,
431 1711 509 1778 ἕτεραι
524 1715 717 1775 μεταποιοῦνται.
730 1708 806 1762 Ὠστι
826 1713 893 1762 ἔσται
914 1712 1049 1777 δικαιοσύνῃ
1066 1717 1107 1761 καί
1125 1713 1212 1769 ἀδίκως

195 1795 296 1855 χρῆσθαι
306 1797 346 1844 καί
359 1800 441 1852 κακῶς,
456 1797 497 1842 καί
514 1799 623 1863 φρονήσει
638 1794 750 1864 ἀφρόνως
769 1794 829 1843 ὥστε
847 1799 888 1842 καί
903 1793 1026 1843 τάναντία·
1041 1790 1145 1844 Ἄτοπον
1163 1793 1212 1856 γὰρ

195 1872 217 1918 τί
228 1879 270 1927 τὴν
283 1877 326 1935 μιν
345 1872 369 1920 ἰν
389 1880 422 1934 τῷ
438 1875 564 1937 λογιστικῷ
581 1873 667 1943 ἀρετὴν
680 1876 803 1942 μοχθηρία
820 1877 877 1924 ποτὲ
891 1873 1030 1937 ἐγγινομένη
1050 1871 1074 1919 όν
1091 1881 1125 1936 τῷ
1144 1874 1209 1936 λόγῳ

196 1957 288 2016 στρίψιι
307 1958 349 2002 καὶ
369 1958 462 2010 ποιήσει
480 1944 581 2016 ἀγνοιῖν,
599 1958 613 2010 ἡ
630 1952 652 2002 δ’
671 1955 743 2025 &pomi
763 1955 787 2003 ἀν
807 1962 841 2019 τῷ
856 1955 934 2018 ἀλόγῳ
954 1954 1050 2016 ἀγνοίας
1070 1954 1161 2010 ἐνούσης
1183 1953 1211 2004 οὖ

195 2037 288 2096 οτρίίνιι
301 2036 397 2094 ταὺτην,
410 2040 451 2084 καί
463 2040 556 2090 ποιήσει
569 2042 688 2105 φρονίμως
705 2042 790 2100 κρίνειν
809 2042 851 2084 καὶ
868 2039 900 2084 τὰ
918 2034 1008 2084 δέοντα.
1032 2039 1082 2083 Καί
1101 2036 1172 2085 πάλιν
1194 2039 1209 2091 ἡ

194 2116 302 2179 φρόνησις
316 2120 330 2172 ἡ
342 2115 366 2163 io
376 2123 411 2180 τῷ
431 2117 556 2179 λογιστικῷ
567 2124 609 2173 τὴν
623 2118 646 2166 ἰν
666 2126 699 2183 τῷ
718 2118 795 2183 ἀλόγῳ
810 2118 936 2167 ἀκολασίαν
951 2118 1073 2184 σωφρόνως
1087 2121 1206 2179 πράττειν’

195 2191 327 2258 inopinati
345 2197 360 2251 ἡ
379 2196 511 2260 ἐγκράτεια.
527 2195 605 2251 Ὠστῖ
618 2198 687 2249 ἔσται
700 2204 740 2251 καί
754 2202 768 2255 ἡ
781 2200 829 2251 ἀπὸ
850 2199 948 2261 ἀγνοίας
958 2204 1084 2266 φρονίμως,
1099 2195 1169 2247 Ἐστι
1183 2196 1208 2246 δὲ

193 2278 269 2324 ταῦτα
283 2276 370 2333 ἄτοπα,
385 2274 459 2335 ἄλλως
474 2295 499 2327 τι
516 2284 557 2328 καί
573 2280 620 2329 ἀπὸ
635 2280 729 2341 ἀγνοίας
750 2282 852 2347 χρῆσθαι
869 2284 993 2348 φρονίμως.
1014 2282 1089 2327 Τοῦτο
1102 2282 1149 2341 γὰρ
1166 2278 1207 2326 ἀτί

193 2363 238 2405 τῶν
252 2355 327 2405 ἄλλων
340 2357 447 2419 ον’νόαμῶς
461 2361 559 2426 όρῶμιν,
571 2360 649 2428 ὥσπερ
661 2367 703 2417 τὴν
712 2361 840 2423 ίατρικὴνή
853 2365 1024 2427 γραμματικὴν
1039 2363 1131 2428 στρέφει
1145 2358 1207 2408 ἀκο-

193 2437 273 2487 λασία.
285 2435 349 2487 Ἀλλ’
362 2434 422 2489 οὖνὸ
435 2446 477 2496 τὴν
491 2441 596 2502 ἄγνοιαν,
607 2440 648 2490 ἐὰν
661 2440 677 2504 ᾖ
691 2441 796 2499 ἐναντία,
809 2440 853 2505 1διόι
867 2445 936 2502 τὸμὴ
947 2439 1083 2495 iverimus
1094 2437 1208 2502 ὐιτιροκὴν

193 2519 252 2569 ἀλλά
261 2526 304 2576 τὴν
314 2520 408 2584 ἀριτνίν,
420 2520 477 2576 όλως
487 2523 574 2584 μᾶλλον
585 2519 646 2571 ιῖνοιι
660 2526 718 2590 πρὸς
730 2526 773 2577 τὴν
789 2526 876 2592 κακίαν
888 2517 961 2577 οὕτως
980 2520 1090 2584 ἔχουσαν.
1102 2524 1151 2568 Καὶ
1160 2525 1208 2586 γάρ

193 2599 205 2647 ἀ
219 2594 299 2656 ἄόικος
310 2606 389 2651 πάντα
404 2598 440 2665 [ἃ]
457 2605 469 2651 ὁ
483 2601 573 2660 δίκαιος
587 2602 696 2663 όῦναται,
710 2605 752 2650 καὶ
770 2600 825 2658 όλως
835 2601 921 2651 όντστιν
936 2602 959 2650 ὶν
971 2608 1000 2662 τῇ
1015 2601 1138 2662 δννάμειὴ
1152 2598 1210 2648 ἀδν·

193 2687 276 2744 ναμία.
291 2684 364 2732 Ὠστι
377 2683 446 2738 δῆλον
458 2681 495 2732 ότι
506 2682 559 2747 ἅμα
576 2686 685 2752 φρόνιμοι
702 2688 744 2733 καί
758 2682 848 2746 ἀγαθαί
865 2683 951 2732 ἐκεῖναι
963 2684 989 2731 αί
1006 2679 1077 2731 ἄλλον
1087 2680 1152 2738 ἕξοις,
1167 2686 1209 2731 καί

194 2762 266 2826 ὀρθῶς
276 2770 304 2814 τό
317 2768 472 2829 Σωκρατικόν,
487 2764 524 2816 ότι
536 2765 603 2816 οῦδὲν
620 2768 771 2837 ἰσχυρότερον
786 2773 925 2837 φρονήσιως.
944 2764 1009 2817 Ἀλλ’
1025 2764 1062 2815 ότι
1076 2764 1210 2826 όπιστήμην

192 2841 243 2913 ἀφη,
268 2843 308 2895 cix
327 2845 403 2909 ὀρθόν·
421 2847 493 2910 ἀρετὴ
510 2852 558 2911 γάρ
576 2847 626 2897 ἐστι
645 2854 686 2898 καί
708 2848 748 2899 οὒκ
767 2847 894 2911 ἐπιστήμη,
913 2849 974 2897 ἀλλὰ
991 2851 1055 2910 γένος
1069 2846 1126 2896 ἄλλο
1150 2851 1208 2907 γνώ-

191 2942 258 2982 σιως.
281 2939 339 2979 ue·
355 2923 395 2977 Sic
405 2926 465 2976 tero
478 2926 566 2989 gallice
581 2926 798 2992 interpretamur:
816 2943 872 2975 -ιι
890 2926 928 2976 On
940 2926 1055 2991 pourrait
1068 2940 1096 2977 se
1106 2925 1209 2976 deman-

193 3018 207 3052 ι
221 3002 267 3054 der
279 3002 318 3054 s'il
331 3010 368 3055 est
381 3004 489 3068 possible
501 3006 532 3057 de
544 3020 572 3057 se
584 3006 664 3058 servir
676 3007 820 3071 decusque
834 3009 909 3058 chose
923 3012 949 3057 et
965 3021 1031 3071 pour
1043 3020 1070 3057 sn
1081 3006 1115 3056 lin
1132 3012 1209 3055 natu-

192 3098 205 3131 ι
220 3085 285 3136 relle
298 3091 323 3135 et
334 3099 399 3148 pour
417 3090 488 3136 autre
503 3087 587 3149 chose,
601 3089 697 3148 etrele,
709 3101 743 3137 ou
756 3088 970 3138 essentiellement
982 3100 1014 3137 ou
1025 3100 1071 3150 per
1082 3083 1205 3146 σοοίόοοίς

125 3166 128 3170 ’
192 3179 204 3212 ι
220 3179 266 3229 pm·
280 3166 398 3228 exemplo,
414 3180 441 3217 se
454 3168 536 3218 servir
548 3168 579 3218 de
593 3168 653 3219 l’oeil
669 3183 733 3236 pour
743 3169 798 3218 roir
813 3183 847 3219 ou
859 3182 924 3231 pour
940 3168 1044 3217 loscher
1056 3180 1088 3216 en
1103 3167 1126 3215 le
1136 3171 1207 3214 tour·
1265 3187 1276 3199 ·

192 3261 204 3293 ι
221 3253 282 3296 nent
296 3247 326 3297 de
339 3247 451 3300 muniere
462 3249 477 3298 i
490 3248 544 3299 noir
558 3263 609 3300 nne
623 3251 704 3299 meme
718 3250 792 3299 chose
807 3248 903 3297 double.
917 3247 961 3297 Ges
970 3247 1035 3296 deux
1048 3257 1137 3306 usnges
1150 3251 1206 3296 sont

190 3342 203 3375 ι
219 3326 348 3390 possibles,
362 3326 415 3381 l’un
429 3330 503 3390 grece
517 3329 659 3380 bl’essence
673 3329 704 3378 de
717 3327 783 3388 l’oeil,
796 3328 887 3378 l'antre
900 3328 975 3391 [μίαν
986 3327 1003 3376 el
1015 3340 1065 3376 une
1079 3324 1206 3388 propriete

191 3421 204 3454 ι
221 3408 252 3458 de
262 3407 335 3468 l'oeil;
360 3414 386 3458 et
401 3409 425 3458 le
444 3410 536 3461 second
551 3423 566 3458 a
583 3409 635 3459 lieu
657 3423 703 3473 par
719 3408 840 3477 accident,
861 3420 958 3457 comme
972 3406 1011 3455 s'il
1024 3405 1148 3468 s'ogissnit
1159 3416 1206 3468 per

191 3502 203 3535 ι
220 3489 331 3552 exemplo
339 3502 402 3552 pour
411 3488 538 3540 l’estomsc
549 3504 582 3539 ou
595 3489 626 3539 de
639 3489 720 3541 sornir
737 3503 770 3539 ou
790 3489 820 3539 de
835 3502 948 3550 manger,
962 3484 996 3536 De
1006 3487 1088 3537 meme
1101 3499 1166 3548 pour
1181 3485 1205 3533 la

189 3584 201 3617 ι
219 3569 322 3619 σοὶειισοι
337 3568 374 3618 On
387 3575 448 3632 peut
458 3569 511 3621 s'en
523 3572 602 3621 servir
617 3586 675 3639 avec
685 3570 764 3620 verite
775 3584 809 3619 ou
820 3570 983 3620 faussement:
998 3566 1062 3617 ainsi
1074 3566 1158 3629 quand
1171 3579 1204 3614 on

189 3664 202 3697 ι
219 3648 281 3699 e'cril
292 3651 345 3700 mol
354 3649 569 3711 volontsirement,
582 3664 615 3700 on
630 3665 657 3701 se
668 3655 720 3701 sert
733 3649 764 3701 de
779 3650 803 3699 le
813 3650 911 3700 sciense
924 3661 1020 3700 comme
1034 3646 1202 3710 d’igncrance.

190 3744 202 3775 ι
219 3728 249 3778 de
263 3730 406 3793 memeque
421 3730 458 3779 les
472 3730 614 3787 lensenses,
630 3729 832 3795 intervertissent
845 3729 882 3778 les
896 3727 1020 3777 fonctions
1033 3726 1079 3775 des
1089 3724 1169 3775 mains
1179 3728 1205 3772 et

189 3821 202 3854 ι
218 3807 262 3857 des
273 3807 351 3870 pleds,
364 3823 390 3860 se
399 3816 497 3860 servent
511 3808 611 3873 dupied
625 3822 720 3860 comme
735 3810 766 3859 de
782 3809 807 3859 la
825 3807 896 3859 mein
908 3812 935 3856 et
943 3806 977 3856 de
993 3807 1017 3856 ln
1028 3805 1096 3856 mnin
1109 3816 1205 3855 comme

188 3903 201 3936 ι
219 3890 253 3938 du
264 3887 328 3952 pied.
346 3890 371 3940 si
383 3890 447 3941 donc
457 3895 538 3941 tontes
554 3891 590 3940 les
608 3896 693 3940 uentus
714 3895 769 3940 sont
786 3889 830 3940 des
845 3889 965 3947 solennes,
986 3886 1007 3935 il
1024 3899 1079 3938 sere
1095 3883 1204 3949 possible

189 3986 200 4015 ι
219 3968 251 4018 de
270 3982 297 4019 se
313 3970 393 4021 servir
409 3971 440 4021 de
454 3971 478 4022 la
489 3969 580 4036 justice
593 3984 689 4021 commo
698 3969 850 4032 d'injustice.
865 3968 902 4018 Un
911 3967 1010 4017 homme
1019 3980 1075 4015 sera
1088 3967 1152 4016 donc
1161 3962 1203 4012 in-

189 4063 201 4096 ι
213 4049 291 4112 juste,
301 4055 463 4101 oommettnnt
472 4051 517 4103 des
528 4049 656 4112 injustices
665 4064 711 4113 par
720 4051 744 4099 le
755 4061 845 4111 moyen
855 4048 886 4098 de
896 4047 920 4096 le
929 4045 1025 4106 justice,
1035 4059 1132 4096 comme
1142 4058 1204 4094 ceux

188 4143 200 4176 ι
219 4127 262 4190 qui
279 4128 333 4177 lunt
346 4129 388 4178 des
402 4138 468 4181 actes
481 4129 640 4191 d'ignomnce
656 4145 688 4179 eu
701 4143 789 4192 moyen
803 4129 833 4177 de
847 4129 871 4177 la
889 4127 1000 4176 sciense!
1016 4125 1050 4175 Or
1063 4127 1085 4176 si
1098 4127 1149 4175 cels
1165 4131 1204 4175 est

188 4222 199 4253 σ
217 4207 368 4269 impossible,
381 4211 399 4259 il
412 4217 450 4261 est
464 4208 565 4260 trident
577 4224 626 4273 que
638 4212 674 4260 les
687 4215 772 4260 sertus
790 4223 821 4258 ne
832 4212 889 4259 sont
906 4206 976 4270 point
990 4206 1033 4255 des
1047 4206 1161 4257 sciences¹
1182 4205 1202 4254 ll

188 4305 199 4333 ‹
219 4288 282 4336 n'est
306 4302 350 4349 pes
369 4290 475 4350 possible
493 4289 620 4353 d’ignorer
638 4286 882 4352 perscience‚1ncis
899 4286 1036 4337 seulement
1050 4287 1081 4337 de
1095 4283 1199 4335 loilliro
