2990 4918
92 572 98 583 ·
161 574 164 579 Ι
245 513 307 563 SIVE
322 473 607 566 socmrlmdomnt
623 512 749 564 mennon
766 511 926 564 nselmum
940 511 1120 565 tenturum.
1165 509 1196 559 tt

187 638 225 705 ad
239 639 405 728 justitiam
422 659 659 728 summumque
681 637 805 707 bonum
835 639 1021 728 pertinent3
1040 658 1119 705 nam
1139 635 1196 704 ille

186 748 307 845 optime
329 765 361 826 et
385 757 474 825 novit
496 761 529 825 et
552 763 669 846 potest,
697 755 809 844 pejora
827 760 902 826 vero
922 761 960 823 ut
987 753 1084 843 eligat
1105 752 1196 821 nulld

184 871 309 940 ratione
328 881 487 941 movetur.
505 910 546 922 -
564 896 581 935 (ι
604 868 689 941 Ὃταν
709 877 764 959 ἀρα
778 878 813 939 τδι
828 877 930 959 αἰσχρὰ
945 877 1094 960 ἐργάζηται
1110 871 1197 959 (quae
1258 868 1260 875 X

185 986 317 1074 quidem
331 987 414 1056 falsa
432 986 569 1070 Socrati,
586 1007 661 1055 vera
679 993 790 1054 nutem
808 986 933 1076 Hippiae
953 985 1082 1054 videtur
1099 986 1197 1079 hypo·

183 1102 312 1189 thesis),
336 1109 437 1171 ἑκοῦσα
452 1108 599 1191 ἐργάζεται
618 1109 662 1170 διὰ
681 1110 791 1187 δύναμιν
814 1109 861 1170 καὶ
881 1110 993 1189 τέχνην,
1012 1112 1098 1169 ταῦτα
1114 1107 1145 1169 δὲ
1159 1108 1219 1168 δι·Υ

182 1227 471 1306 ααιοσάνηςραῖνεται,
495 1226 556 1305 ἦτοι
578 1225 730 1307 ἀμφότερα,
750 1227 769 1303 ’ἠ
791 1224 823 1288 τδ
839 1227 944 1306 ἕτερον.
963 1256 1004 1269 -
1019 1227 1069 1287 ΙΠ.
1088 1222 1195 1287 Ἒσιαε.

185 1372 224 1385 -·
237 1342 297 1403 ΣΩ.
312 1339 366 1404 Καὶ
378 1342 410 1404 τδ
429 1344 480 1421 μέν
495 1363 530 1422 γε
551 1342 653 1404 ἀδικεῖν
666 1341 743 1404 κατὰ
756 1345 843 1403 ποιεῖν
862 1341 930 1418 ἐστι,
948 1339 980 1402 τὸ
996 1340 1027 1401 δὲ
1042 1342 1081 1419 μὴ
1096 1340 1201 1402 ἀδικεῖν

22 1452 23 1519 J
146 1520 150 1532 ,
185 1457 271 1521 ιιαλά.
293 1489 335 1501 --
355 1460 405 1519 ΙΠ.
425 1458 491 1519 Ναί.
511 1489 556 1502 ·-·
576 1459 636 1520 ΣΩ.
653 1456 759 1520 Οὐκοῦν
780 1458 800 1535 ἡ
823 1456 996 1539 δυνατωτέρα
1016 1456 1064 1517 καὶ
1081 1456 1200 1533 ἀμείνων

185 1576 271 1654 ψυχή,
282 1574 426 1655 ὅτανπερ
441 1573 554 1657 ἀδικῇ,
567 1574 670 1636 ἐιισῦσα
679 1573 814 1653 ἀδικήσει,
829 1575 848 1653 ἡ
865 1573 895 1634 δὲ
909 1573 1015 1654 πσνηρά
1024 1573 1144 1652 ἄκουσας
1157 1604 1201 1617 -

185 1690 237 1751 ΙΠ.
253 1690 398 1751 Φαίνεται.
419 1721 461 1734 -
475 1690 535 1752 ΣΩ.
555 1689 660 1752 Οὐκοῦν
675 1688 780 1769 ἀγαθδς
802 1689 870 1769 ἀνὴρ
891 1689 905 1748 δ
926 1690 976 1761 τὴν
989 1688 1098 1768 ἀγαθὴν
1112 1690 1201 1769 ψυχὴν

184 1803 268 1885 ἔχων,
284 1804 373 1876 κακδς
385 1805 416 1866 δὲ
430 1781 447 1866 δ
461 1806 509 1884 τὴν
528 1808 634 1885 tandm
655 1835 695 1846 -
720 1807 772 1866 111.
794 1804 860 1867 Ναί.
876 1835 921 1849 -
932 1804 991 1867 ΣΩ.
1011 1795 1133 1885 Ἀγαθοῦ
1151 1805 1202 1881 μὲν

183 1917 237 2002 ἄρα
246 1919 344 2003 ἀνδρός
353 1920 425 1983 ἐστιν
437 1921 537 1983 ἑκόντα
552 1920 674 1998 ἀδικεῖν,
687 1923 776 1982 κακοῦ
787 1920 818 1983 δὲ
833 1918 947 2001 ἄκοντα,
968 1919 1047 2002 εἴπερ
1063 1920 1078 1981 δ
1098 1919 1203 1999 ἀγαθὸς

189 2035 296 2115 ἀγαθὴν
315 2036 406 2117 ψυχὴν
422 2035 492 2117 ἔχει.
512 2069 550 2082 ·-
569 2039 620 2101 ΙΙΙ.
639 2036 735 2114 Ἀλλὰ
749 2034 803 2116 μὴν
823 2036 883 2119 ἔχει
897 2046 944 2118 γε.
963 2069 1004 2082 -
1020 2037 1077 2099 ΣΩ.
1097 2029 1132 2099 ‘0
1149 2034 1203 2118 ἄρα

190 2152 260 2223 διιὼν
273 2153 437 2236 ἁμαρτάνων
446 2152 493 2217 καὶ
499 2153 600 2235 αἰσχρὰ
610 2154 657 2215 καὶ
665 2152 748 2215 ἄδικα
761 2159 859 2240 ποιῶν,
876 2151 900 2216 ὦ
918 2147 1026 2232 Ἱππία,
1044 2151 1141 2234 εἴπερ
1154 2152 1204 2223 τίς

190 2267 276 2331 ἐστιν
290 2263 401 2347 οὗτος,
412 2270 463 2332 ode
476 2267 508 2331 ἄν
518 2268 610 2343 ἄλλος
620 2267 662 2346 εἴη
674 2265 859 2349 ἢδάγαθόςῖ.
877 2287 948 2327 ν-
960 2260 1203 2341 Absurdissima

190 2378 322 2466 quidem
342 2378 589 2479 consequentia,
610 2382 676 2466 qud
699 2378 822 2446 falsum
846 2398 917 2449 esse
936 2377 1138 2470 principium
1154 2377 1204 2466 ip·

192 2513 265 2562 sum
282 2470 539 2591 demonstretur.
556 2494 654 2561 Totus
668 2497 746 2561 send
760 2493 1056 2582 argumentationis
1075 2513 1204 2574 sensus,

191 2616 255 2678 tota
273 2610 337 2697 vis,
360 2618 426 2681 totu
446 2606 618 2692 sententia,
637 2609 671 2677 in
687 2608 728 2677 iis
753 2609 958 2698 gravissimis
979 2609 1204 2698 verbisjaoet:

139 2792 142 2797 ,
192 2730 267 2813 εἴπερ
283 2734 324 2806 τίς
339 2734 410 2796 ἐστιν
426 2728 517 2807 οὗτος,
537 2751 553 2789 (ι
572 2725 601 2793 si
615 2724 690 2813 quis
706 2731 755 2794 esi
768 2726 839 2813 ejus
858 2726 986 2815 generis
1004 2732 1041 2793 ui
1053 2725 1164 2793 volens
1177 2729 1209 2793 ei

193 2841 296 2910 seiens
310 2843 524 2932 inJ'usteagat.
536 2868 552 2906 ν
562 2836 739 2921 -Quibus
746 2842 816 2930 jam
831 2840 940 2911 verbis
950 2841 1135 2911 ostenditur
1150 2839 1210 2909 ubi

193 2956 305 3042 totius,
325 2979 400 3047 quae
424 2958 593 3047 praecedit‚
619 2957 911 3047 argumentationis
936 2956 1054 3028 vitium
1077 2957 1207 3035 laterem

193 3074 406 3161 nequeenim
429 3075 471 3142 ob
488 3075 587 3144 aliam
606 3049 780 3159 rationem,
798 3081 837 3143 ut
863 3074 986 3143 Socrati
1005 3074 1147 3158 videtur,
1169 3072 1211 3141 ad

194 3189 336 3259 absurda
355 3189 561 3277 devenimus,
579 3194 679 3280 qu'am
694 3193 780 3280 quod
796 3191 1015 3260 voluntariam
1031 3211 1100 3260 esse
1116 3209 1213 3279 posse

194 3302 351 3394 injuriam
366 3307 510 3377 absurde
523 3329 717 3378 conoessum
735 3315 816 3378 erat.
834 3308 935 3377 Nemo
954 3307 1056 3392 enim,
1074 3305 1140 3375 nisi
1154 3305 1211 3373 bo·

195 3442 271 3505 nus,
296 3423 382 3492 mala
408 3424 516 3492 sciens
539 3424 710 3494 admittere
729 3431 857 3514 posset,
889 3422 976 3514 quod
996 3427 1157 3511 repugnat
1181 3428 1213 3489 et

196 3544 310 3625 sponte
326 3538 585 3628 propositionem
600 3514 732 3610 refellit.
765 3580 801 3592 -
819 3566 836 3603 α
861 3548 912 3608 ΙΙΙ.
931 3545 992 3608 Οὐκ
1008 3543 1068 3625 ἔχω
1080 3545 1157 3616 ὅπως
1171 3564 1214 3605 σοι

195 3662 378 3741 συγχωρήσω,
396 3658 419 3722 ὦ
439 3662 600 3743 Σώκρατες,
614 3667 710 3739 ,ταῦτα
732 3695 774 3708 -
790 3664 849 3726 ΣΩ.
869 3661 941 3733 Οὐδὲ
955 3661 1010 3741 γὰρ
1026 3660 1084 3741 ἐγὼ
1098 3659 1172 3741 ἐμοί,
1189 3657 1213 3722 ὦ

150 3761 156 3768 ’
197 3766 301 3836 Ἱππία
318 3775 387 3837 ἀλλ’
399 3775 552 3855 ἀναγκαῖον
563 3778 635 3840 οὕτω
646 3778 785 3859 ραίνεσδαι
794 3782 840 3838 νῦν
858 3798 893 3858 γε
909 3778 977 3855 ἡμῖν
995 3774 1029 3838 ἐιι
1048 3776 1209 3857 τοῦλόγου.

195 3881 287 3973 Ὅπερ
312 3894 404 3970 μέντοι
426 3894 516 3955 πάλαι
529 3893 644 3974 ἔλεγον,
661 3895 720 3976 ἐγὼ
735 3894 798 3977 περὶ
811 3897 896 3956 ταῦτα
912 3892 969 3953 ἄνω
985 3893 1032 3954 καὶ
1047 3893 1123 3954 κάτω
1138 3892 1214 3953 πλα-
1303 3896 1314 3903 “

196 4011 284 4083 edium
294 4008 341 4070 καὶ
356 4007 487 4071 οὐδέποτε
501 4009 587 4073 ταύτά
603 4031 649 4090 μοι
663 4010 753 4073 δοκεῖ.
770 4003 824 4072 Καὶ
833 4009 884 4088 ἐμὲ
898 4010 949 4088 μὲν
966 4007 1044 4070 οὐδὲν
1060 4007 1213 4085 θαυμαστὸν

197 4121 353 4183 πλανᾶσθαι
367 4121 430 4185 οὐδὲ
441 4123 533 4186 ἄλλον
549 4125 668 4203 ἰδιώτην·
680 4125 704 4187 εἰ
714 4127 744 4187 δὲ
756 4124 803 4187 καὶ
811 4126 894 4204 ὑμεῖς
904 4124 1078 4203 πλανήσεσθε
1088 4122 1113 4185 οἱ
1122 4123 1210 4204 σσροί,

230 4336 239 4370 ¹
256 4336 332 4403 nepe.
345 4338 417 4401 αα,
431 4338 509 4404 ere-a,
523 4343 549 4391 n.

981 4458 984 4463 .
1072 4418 1088 4469 d
