2990 4918
249 525 312 578 SIVE
328 523 487 577 socaarlcn
500 522 613 576 conrnr
626 520 755 575 llonnoll
766 524 922 636 nnonnmll
937 525 1118 576 ARGUMENTA.
1164 524 1195 575 la

124 692 130 698 -
236 656 277 708 Vir
287 657 349 723 pius
362 660 402 708 est
414 672 458 724 que
452 656 533 707 'deor
546 657 639 723 optime
653 655 732 716 colit,·

234 736 281 800 Qui
293 740 351 787 uerd
366 735 426 787 deos
441 735 532 803 optime
547 734 641 793 colit(
631 750 653 784 as
667 734 788 801 optimum
802 732 899 784 cubum
912 731 1019 785 artemio
1035 735 1118 790 tenet5

237 819 301 883 Ergo
315 817 354 867 uir
363 817 425 883 pius
440 816 535 884 estqui
549 815 671 881 optimum
684 813 780 866 cultum
795 813 900 864 scientia
914 817 991 864 tenet.

189 951 304 1028 Quas
278 973 307 1019 ει
317 951 352 1019 in
368 951 590 1020 definitionem
604 949 747 1020 exomni
761 954 833 1040 part
819 949 1061 1051 teabsolutam
1078 946 1200 1016 omisso

189 1067 282 1137 nullo
296 1066 478 1158 syllogismi
490 1047 646 1148 termino,
663 1065 769 1135 brevit
754 1070 807 1134 ter
822 1040 1032 1154 cogerentur,
1050 1062 1128 1151 jure
1145 1063 1201 1132 de·

189 1182 406 1252 finiremus
371 1206 460 1274 prum
472 1206 538 1252 esse
556 1186 709 1252 loominem
730 1180 884 1273 (species)
898 1185 950 1270 qui
971 1186 1123 1272 optimum
1138 1183 1202 1251 eul-

191 1301 394 1369 turuseientid
410 1309 512 1369 teneat
527 1300 655 1389 (genus)
671 1309 701 1367 et
713 1300 786 1367 deos
796 1306 865 1366 ectu
880 1298 961 1367 eolat
976 1297 1200 1388 (differentia).

190 1415 336 1484 Socrates
352 1420 429 1485 verb
446 1437 550 1484 unum
565 1437 605 1484 ex
620 1414 727 1483 tribus
743 1413 926 1505 syllogismi
942 1414 1108 1496 terminis,
1125 1436 1202 1483 eum

191 1531 422 1621 scilicetquiin
432 1531 622 1600 delinitione
635 1532 815 1620 differentia
829 1536 963 1599 meatur
978 1530 1119 1619 (cultum
1139 1530 1204 1613 diis
1277 1610 1285 1627 ἱ

192 1646 406 1736 adhibitum),
429 1647 563 1717 omnino
578 1645 717 1737 negligit
737 1653 835 1737 alque
851 1646 986 1716 omittit.
1010 1647 1076 1716 Nec
1094 1652 1206 1715 tamen

192 1761 364 1853 ignorabat
389 1764 500 1833 Socrat
486 1769 535 1832 tes
558 1763 630 1830 id
621 1785 655 1831 1n
677 1763 866 1833 definitione
889 1762 1113 1833 necessarium
1135 1784 1207 1832 esse

192 1902 251 1970 per
270 1880 359 1970 quod
374 1879 507 1971 propria
521 1882 598 1947 nota
616 1885 650 1947 et
635 1878 817 1947 tdifferent
803 1878 849 1947 tia
863 1900 917 1948 res
933 1883 1025 1948 aoaet
1025 1877 1093 1946 eris
1108 1878 1208 1947 rebus

194 1996 448 2085 distinguatur¹
465 1995 571 2073 Quare
580 1995 656 2064 talis
666 2015 736 2064 esse
752 1994 849 2064 debet
863 1994 995 2085 pietalis
1007 1994 1111 2065 virtut
1111 1993 1207 2085 isque

188 2135 228 2181 na
230 2119 317 2193 tura,
343 2112 373 2180 si
392 2112 489 2180 modo
513 2112 636 2180 Socrati
657 2111 757 2182 fidem
785 2111 1051 2194 adhibuerimus,
1078 2118 1120 2181 ut
1129 2110 1207 2201 jure

193 2226 379 2297 dillereutia
394 2227 526 2317 propria
543 2228 684 2316 (seilicet
701 2228 808 2318 actus)
824 2251 902 2299 curn
921 2250 1040 2319 genere
1053 2228 1208 2297 universo

195 2344 331 2428 (scilicet
343 2342 494 2433 scientia)
508 2344 549 2413 ad
563 2366 668 2413 unum
681 2346 883 2427 reducatur3
902 2386 942 2398 —
958 2344 1209 2437 cujusmaxime
1307 2390 1313 2400 ι

193 2460 346 2530 intimam
372 2465 405 2530 et
433 2461 527 2551 quasi
561 2461 761 2551 profundam
795 2463 972 2545 rationem,
1005 2484 1077 2555 age,
1106 2462 1210 2554 inspi-

198 2598 335 2646 uamus.

236 2790 337 2874 Nihil,
354 2798 393 2862 ut
403 2792 528 2862 Socrati
542 2794 661 2884 placet,
677 2801 735 2863 aut
747 2793 901 2885 intelligi,
919 2802 976 2865 aut
986 2795 1052 2885 agi,
1070 2800 1130 2864 aut
1145 2814 1212 2865 uno

193 2911 291 2979 verbo
306 2931 379 2979 esse
394 2916 512 3001 potest,
537 2910 604 2979 nisi
619 2911 702 2981 inse
717 2913 836 2982 habeat
857 2913 1018 2982 rationale
1036 2911 1163 3004 aliquid
1181 2919 1214 2981 et

196 3024 392 3108 universale,
421 3048 480 3116 per
508 3027 597 3117 quod
619 3027 756 3097 notione
785 3050 824 3098 ac
848 3029 1040 3100 definitione
1065 3049 1213 3119 compre

167 3186 170 3191 -
196 3141 295 3210 hendi
320 3131 438 3232 queatss
465 3142 554 3234 quod
577 3147 654 3211 verb
681 3144 773 3211 nulld
799 3145 925 3214 ratione
949 3144 1096 3229 definiri,
1125 3144 1213 3212 idem

196 3257 287 3326 nulla
306 3258 434 3327 ratione
451 3258 523 3328 fieri
545 3263 684 3348 potest².
704 3260 927 3350 Quaecumque
948 3246 1024 3328 uero
1044 3259 1214 3329 volontate

197 3377 340 3462 agimus,
357 3395 395 3442 ea
408 3374 502 3442 nulla
522 3374 586 3443 alia
602 3373 728 3443 ratione
749 3375 967 3466 explicantur,
985 3376 1052 3446 nisi
1074 3377 1215 3467 alicujus

199 3490 278 3560 boni
291 3491 489 3582 cogitatione
502 3497 535 3560 et
551 3491 768 3582 appetitione;
786 3513 894 3582 neque
915 3492 1004 3560 enim
1020 3494 1117 3574 velle,
1143 3494 1216 3561 sine

202 3609 369 3700 proposito
383 3608 459 3689 fine,
485 3610 696 3699 possumus⁸.
719 3609 880 3677 {movero
897 3607 1010 3688 etiam,
1033 3630 1101 3676 non
1119 3610 1216 3688 modo

204 3724 292 3814 quod
306 3727 427 3804 tonum,
447 3725 504 3792 sed
524 3724 612 3813 quod
632 3726 779 3818 optimum
797 3723 939 3806 videtur,
956 3746 1088 3814 semper
1102 3725 1217 3793 volun-

205 3849 269 3910 tate
282 3841 548 3932 prosequimur⁸.
564 3840 647 3919 Nam
664 3839 692 3909 si
708 3840 819 3930 pejora
833 3839 1026 3909 melioribus
1045 3846 1218 3930 antepone·

237 4063 247 4096 ¹
263 4064 321 4116 vide
333 4064 490 4115 Tlreaeletum.

239 4146 251 4177 ’
267 4146 350 4204 Mons„
365 4143 441 4203 1v‚v.

241 4223 253 4255 ⁸
269 4225 353 4282 Mem..
367 4224 453 4285 111,11,
469 4222 494 4273 l.

241 4303 254 4336 ⁴
271 4305 353 4366 Hem,
366 4304 426 4355 ibid.
