2990 4918
294 514 324 563 la
605 512 743 566 ampullis
759 514 875 567 Hlarus
892 512 988 567 litlot
1073 542 1076 545 ·

591 933 751 1009 oliui
784 876 1024 1025 inultum*

489 1095 648 1140 SECUNDA
670 1094 754 1140 PARS
778 1096 965 1140 inauratur
975 1096 1109 1143 arlonis

295 1233 376 1291 Quare
386 1231 491 1283 mendax
502 1237 527 1282 et
537 1231 670 1293 veridicus,
685 1242 777 1294 genere
787 1231 889 1292 similes,
900 1232 981 1296 specie
994 1232 1119 1286 differant.
1130 1232 1219 1284 lltrdm
1228 1233 1307 1287 liberi

300 1308 302 1312 ’
325 1311 496 1372 arbitrii'usu,
512 1326 546 1362 an
556 1306 647 1362 summi
661 1311 720 1361 boni
733 1312 874 1375 cognitione
887 1317 962 1376 atque
975 1313 1159 1378 intelligentia?
1171 1339 1202 1351 -
1215 1311 1245 1363 ln
1255 1314 1306 1378 qut

324 1393 425 1455 regione
438 1395 522 1444 sedeat
530 1407 589 1444 sera
596 1393 716 1457 sapientia
728 1393 849 1453 etvetus,
865 1396 983 1457 ἐπιστήμη
997 1400 1038 1445 καὶ
1052 1395 1178 1461 εὐπραξία.
1192 1393 1306 1449 -Quo-

324 1474 397 1524 modo
408 1475 475 1538 apud
488 1474 625 1538 sapientem
637 1479 663 1524 et
675 1473 780 1536 cogitata
793 1479 819 1524 et
832 1474 900 1525 dieta
912 1480 937 1525 et
945 1474 1009 1527 lacta
1016 1474 1145 1526 dialectice
1156 1478 1304 1536 congruant.

338 1671 510 1739 Inductam
522 1669 736 1760 quaestionem
757 1669 877 1740 iterum
890 1669 1108 1741 exactissimis
1127 1671 1237 1741 verbis
1254 1673 1307 1740 in·

294 1789 482 1857 stituamuss
514 1787 670 1856 -Iidem
686 1794 764 1856 sunt
777 1809 896 1876 genere
908 1788 957 1879 (ut
969 1788 1187 1858 arithmeticae
1201 1789 1307 1859 scien·
1367 1828 1371 1833 ·

292 1905 350 1994 tia)
372 1904 428 1994 qui
448 1904 491 1973 de
510 1905 661 1972 numeris
684 1924 758 1971 vera
783 1909 815 1973 et
832 1906 889 1994 qui
914 1904 996 1974 falsa
1014 1904 1148 1984 dicunt;
1184 1910 1249 1995 qua
1270 1927 1307 1974 re

292 1999 395 2110 igilur
409 2019 591 2088 dilferunt‘l
604 2059 649 2070 -
664 2019 729 2089 Hoc
739 2019 877 2099 scilicet,
890 2004 976 2111 quod
989 2021 1071 2090 alter
1083 2022 1206 2110 justus,
1225 2020 1309 2090 alter

290 2137 509 2226 injustus-
534 2136 640 2212 Quare
661 2140 772 2204 autem
794 2138 905 2226 justus
925 2146 982 2206 aut
1005 2137 1151 2226 injustus
1171 2145 1223 2205 est
1247 2137 1306 2204 ali·

291 2252 388 2342 quisi
401 2252 515 2321 Utrum
525 2251 631 2321 libero
640 2252 819 2321 voluntatis
830 2253 980 2339 arbitrio,
995 2274 1038 2323 an
1049 2252 1190 2345 quadam
1201 2253 1308 2322 scien·

278 2369 337 2438 ‘tia
349 2377 406 2437 aut
420 2369 628 2458 ignorantia?
1065 2370 1067 2375 ’

335 2485 556 2580 Nemini-vero
572 2480 713 2554 dubium
734 2492 784 2556 est
802 2491 918 2554 utrum
941 2485 1090 2573 Socrates
1106 2484 1229 2575 eligere
1250 2484 1308 2554 de·

291 2603 379 2683 boat,
399 2602 579 2671 dummodd
598 2623 730 2694 semper
744 2603 809 2672 sibi
826 2607 965 2693 constet.
986 2603 1051 2671 llac
1067 2602 1158 2672 enim
1180 2602 1309 2672 ratione

292 2702 411 2809 anceps
430 2720 656 2788 doctrinarum
678 2725 776 2810 atque
797 2719 919 2789 artium
936 2723 1023 2788 'usus
1046 2719 1225 2810 explicatus
1243 2726 1306 2805 est,

292 2836 380 2926 qudd
403 2837 487 2904 hona
516 2857 589 2926 quae
613 2836 681 2904 illis
707 2836 856 2924 subjecta
880 2844 958 2904 sunt
985 2836 1149 2928 superiori
1175 2834 1308 2918 cuidam

293 2951 379 3019 bono
398 2948 469 3041 (adt
489 2932 568 3021 vere
588 2952 722 3042 quidem
744 2957 802 3020 aut
821 2951 902 3019 salse
922 2952 1092 3042 concepto)
1110 2950 1307 3051 posthaberi

295 3073 432 3158 queunt.
448 3067 508 3135 Ubi
521 3072 596 3137 vero
606 3067 646 3136 de
660 3089 793 3137 summo
807 3069 893 3136 hono
904 3067 1095 3158 summique
1108 3068 1186 3137 boni
1200 3069 1308 3138 scien·
1373 3118 1375 3121 -

246 3216 248 3225 ·
294 3185 338 3251 tia
358 3192 391 3252 et
406 3185 550 3274 potentia
567 3186 687 3272 agitur,
703 3186 774 3273 jam
790 3206 856 3252 non
871 3183 992 3275 duplex
1005 3206 1087 3254 usus
1101 3207 1173 3255 esse
1185 3192 1306 3276 potest,

296 3299 361 3369 nisi
387 3301 480 3389 quid,
506 3321 618 3370 errore
640 3300 783 3389 quodam
808 3288 945 3385 mentis,>
968 3300 1090 3370 melius
1107 3323 1180 3371 esse
1199 3303 1310 3371 existi-

296 3439 379 3498 mes,
400 3419 498 3507 quam
514 3416 602 3507 quod
618 3415 781 3507 optimum
796 3423 862 3487 estl
880 3417 945 3486 Nec
961 3439 1014 3487 res
1027 3418 1100 3488 lieri
1114 3425 1220 3509 potest
1236 3418 1308 3489 sine

297 3533 442 3602 maxima
464 3532 588 3602 summi
603 3533 681 3602 boni
707 3533 904 3621 ignorantia.
932 3535 1039 3614 Quum
1067 3535 1169 3624 igitur
1193 3556 1234 3603 ex
1258 3534 1308 3603 di·

295 3649 402 3719 ve'rsis
416 3649 597 3741 disciplinis
610 3650 650 3718 ad
672 3650 878 3720 dialecticam
898 3651 1020 3720 summi
1040 3652 1117 3719 honi
1136 3651 1306 3721 scientiam

295 3767 519 3856 pervenimus,
537 3766 608 3854 jam
627 3773 717 3836 totus
736 3789 850 3836 rerum
872 3769 953 3837 ordo
969 3773 1129 3849 mutatur,
1154 3776 1251 3860 atque
1271 3768 1307 3836 in
1410 3846 1416 3853 ,

297 3883 473 3953 dialecticae
487 3884 634 3953 culmine
657 3884 830 3975 duplicitas
852 3885 909 3954 illa
924 3891 957 3954 ct
976 3885 1175 3974 ambiguitas
1192 3908 1306 3958 rerum

296 4000 472 4081 evanescit,
489 4022 562 4091 quae
580 4022 711 4090 semper
726 4001 902 4093 ancipitem
918 4024 1018 4071 usum
1040 4001 1076 4070 in
1098 4003 1223 4072 caeteris
1237 4025 1309 4092 gra·

296 4116 395 4186 dibus
418 4111 608 4186 admiserat.
625 4117 686 4197 Qui
700 4119 789 4188 enim
806 4140 858 4187 res
870 4118 960 4188 novit
977 4141 1042 4187 usu
1058 4119 1215 4211 ancipites
1228 4107 1308 4208 (nu-

298 4256 421 4313 meros,
437 4235 572 4324 figuras,
589 4237 681 4324 etc),
701 4237 757 4306 ille
771 4237 905 4328 quidem
927 4244 959 4307 et
985 4237 1128 4328 potentia
1151 4244 1184 4305 et
1202 4237 1308 4307 scien-
