2990 4918
15 4326 19 4503 l

241 534 303 587 ma
320 518 479 587 sormam
496 532 608 586 conam
621 534 750 589 alaram
764 532 923 586 lamiamu
937 534 1119 587 racuumm
1158 533 1187 585 n
1254 498 1256 505 ’

455 957 610 1033 elena
643 949 905 1037 SECUNDUM

354 1158 361 1175 .
405 1126 511 1169 aalma
536 1126 616 1170 raas
639 1108 961 1173 laeumtunrmms'

178 1269 303 1326 ouomono
318 1284 392 1321 verax
404 1270 479 1321 homo
492 1274 517 1320 et
535 1270 642 1320 mendax
656 1270 788 1322 dialectici
800 1270 899 1321 ratione
916 1272 948 1320 ad
961 1284 1041 1322 unum
1055 1284 1134 1337 genua
1147 1286 1192 1335 per

208 1349 378 1401 definitionem
403 1351 571 1401 universalem
593 1352 756 1406 reducantur>
772 1378 804 1388 -
827 1350 861 1401 lle
882 1351 1011 1416 opinionis
1032 1357 1058 1402 el
1079 1353 1193 1404 Fortuna

207 1431 406 1496 regionemque
421 1431 540 1494 Sophistae
549 1431 632 1492 J'acent
646 1431 713 1498 (δόξα
723 1437 765 1483 καὶ
777 1430 898 1498 εὐτυχία).
916 1457 948 1468 -
963 1430 997 1480 lle
1016 1431 1189 1494 cogitatorum,

209 1509 333 1561 dictorum
345 1510 518 1574 lectorumque
532 1509 708 1573 discrepantia.

221 1705 335 1773 Paucis
346 1703 491 1795 primum
508 1705 712 1796 explicemus
727 1705 890 1795 quomodo
913 1726 932 1774 e
954 1706 1077 1794 dialogi
1096 1707 1191 1797 prin·
1215 1701 1218 1708 ’

180 1821 264 1912 cipio
281 1820 323 1890 ad
339 1843 459 1911 corpus
472 1814 623 1889 transitio
638 1820 706 1900 frat,
725 1812 845 1891 deinde
866 1826 932 1912 qud
948 1822 1076 1891 ratione
1090 1823 1192 1890 dialo-

180 1959 242 2026 gus
259 1938 295 2006 in
308 1938 392 2035 duas
408 1944 519 2028 partes
533 1937 711 2007 dividatur.

224 2054 356 2146 Hippias
370 2054 444 2123 idad
460 2054 607 2145 Ulyssem
621 2055 748 2125 Achille
757 2055 950 2125 inferiorem
962 2075 1036 2124 csse
1051 2053 1190 2142 dixerat,

181 2170 266 2258 quod
294 2170 396 2239 simul
421 2179 453 2240 at
478 2170 624 2260 prudens
644 2177 677 2240 et
697 2171 843 2262 injustus
865 2178 1016 2258 essct,ut
1038 2172 1096 2261 qui
1111 2193 1190 2261 pru·

180 2283 288 2384 dentiai
303 2286 447 2354 meldad
464 2286 691 2356 mentiendum
710 2294 872 2357 uteretur.
976 2305 978 2309 ’

219 2402 673 2497 ‚Undcsneoessarid'quaestio
690 2403 748 2471 illa
771 2405 880 2472 oritur
901 2403 1025 2472 Socrati
1048 2402 1191 2472 maximia

181 2516 375 2608 familiaris}
392 2540 475 2587 num
492 2519 567 2608 quis
584 2526 616 2588 et
629 2503 785 2610 'prudens
799 2527 832 2588 et
853 2519 1025 2610 mendacio
1047 2520 1191 2608 injustus

180 2654 252 2703 csse
267 2642 386 2725 potest,
411 2644 537 2705 utnon
562 2636 663 2704 simul
679 2645 761 2725 σοφός
777 2636 821 2705 sit
843 2644 876 2705 et
894 2640 1021 2716 δίκαιοςῗ
1047 2637 1137 2714 Quod
1163 2635 1191 2703 si

180 2751 254 2839 quis
269 2750 462 2840 ctpmdens
487 2773 559 2821 esse
580 2760 613 2821 ct
635 2751 809 2842 prudentia
833 2755 986 2842 perverse
1005 2751 1193 2820 mentiendo

179 2866 270 2954 abuti
294 2867 438 2949 ridetur,
463 2875 520 2957 qui
549 2869 584 2938 id
610 2869 757 2958 intelligis
784 2877 817 2938 et
845 2869 917 2939 sieri
947 2869 1078 2960 potest?
1106 2889 1193 2956 quaa-

180 3003 256 3053 num
275 3005 350 3054 uera
372 2985 535 3055 mendacii
550 2992 649 3075 atque
661 2987 790 3078 injuriae
809 2992 928 3055 natura
944 2986 1059 3055 haberi
1074 2986 1194 3055 dehet?

180 3096 232 3169 Sic
246 3099 281 3170 in
295 3102 440 3171 mediam
453 3104 775 3192 argumentationem
786 3104 1011 3194 procedimus.

223 3217 471 3307 Argumentatio
493 3226 602 3297 autem
628 3219 780 3308 bipartita
804 3242 877 3289 esse
896 3220 1045 3289 debebat.
1072 3217 1194 3286 Dialec-

178 3332 242 3402 tica
263 3333 353 3403 enim
369 3354 500 3425 semper
519 3336 560 3404 ad
582 3357 678 3424 pecus
703 3354 762 3427 per
778 3336 1006 3405 inductionem
1021 3357 1059 3404 ac
1076 3334 1192 3404 delini-

179 3449 301 3520 tionem
316 3451 464 3521 ascendit
473 3475 481 3528 ;
502 3452 621 3521 deinde
635 3452 859 3534 differentium
874 3453 1036 3521 rationem
1061 3450 1095 3518 in
1111 3451 1192 3541 ipsis

178 3585 292 3636 rerum
323 3568 500 3657 generibus
523 3569 654 3659 quaerit,
684 3576 783 3660 atque
813 3591 852 3638 ex
888 3567 1050 3658 principio
1079 3588 1194 3636 conse-

178 3684 312 3770 quantia
325 3684 469 3754 deducit.
888 3690 891 3695 ’

221 3801 321 3869 Porro
335 3802 386 3870 vir
401 3800 547 3893 prudens
557 3805 590 3871 et
603 3823 642 3870 aa
647 3802 785 3892 justitiae
794 3802 867 3891 lege
876 3800 1055 3883 veridicus,
1072 3802 1101 3870 si
1116 3822 1193 3869 cnm

178 3915 247 3985 viro
263 3918 418 4008 prudenti
435 3930 533 4008 atque
544 3919 666 4009 injuste
679 3919 830 3989 mendaci
841 3919 1090 4000 commutares,
1104 3917 1191 3985 idem

178 4054 285 4119 ponere
312 4034 359 4123 (id
384 4041 434 4104 est
450 4062 457 4101 :
474 4057 588 4104 rerum
610 4036 753 4123 scientio)
780 4057 852 4104 esse
873 4035 1025 4116 videtum
1043 4073 1088 4083 -
1102 4033 1190 4123 quod

179 4149 282 4237 prima
298 4153 434 4241 pars'est
453 4152 759 4240 argumentationis.

222 4264 290 4343 Quo
306 4266 408 4354 igitur
420 4271 513 4355 pacto
531 4258 602 4335 lieri
622 4274 730 4356 polest
746 4274 782 4335 ut
805 4269 872 4336 haec
893 4268 978 4336 inter
996 4266 1113 4334 ambos*
1126 4266 1188 4332 dil-
