2990 4918
417 1204 656 1395 61666
710 1279 1018 1375 reurrus
1088 1264 1094 1276 ·

176 1487 182 1504 ’
249 1494 320 1554 culn
342 1494 538 1547 lulsrorulus
563 1488 838 1545 courua'socunrls
860 1494 1011 1546 rusulum
1024 1495 1061 1549 ΕΤ
1077 1496 1199 1549 HIPPIAE

414 1584 543 1639 ultiouis
559 1580 846 1636 luuunnnmrlouuu
863 1584 1027 1636 amnentur.

260 1915 363 1994 Quam
379 1917 467 1983 recte
478 1912 628 1983 Minorem
641 1894 798 2003 Hippiam,
810 1935 876 1983 non
890 1914 987 1984 modo
1000 1934 1059 2005 per
1071 1915 1226 2004 66616616,

215 2030 336 2111 tiones,
363 2029 421 2099 sed
443 2029 627 2100 certissimo
650 2030 871 2121 Xenophontis
894 2040 926 2101 et
951 2031 1093 2101 Platonis
1116 2031 1227 2100 studio

215 2146 422 2237 interpretati
437 2147 556 2231 simus,
571 2168 676 2216 novus
689 2156 806 2247 auctor
820 2147 912 2217 adest
933 2147 1066 2238 utrique
1088 2148 1228 2217 Socratis

216 2264 379 2355 discipulo
393 2286 460 2333 non
478 2264 597 2354 impar,
621 2264 822 2333 Aristoteles
845 2263 945 2354 Cujus
961 2265 1123 2356 praecipua
1137 2264 1229 2333 testi-

199 2379 326 2475 monia
348 2380 592 2471 perpendamus
608 2380 716 2469 primo
730 2379 771 2448 de
785 2379 944 2467 generali,
962 2401 1062 2469 quam
1082 2381 1227 2450 Socrates

215 2495 397 2587 proposuit,
411 2496 542 2577 virtutis
560 2501 592 2565 61
606 2496 787 2565 voluntatis
802 2494 1003 2576 definitione,
1028 2497 1170 2566 secundo
1187 2497 1225 2564 (16

215 2612 387 2703 peculiari,
411 2633 511 2702 quam
532 2611 567 2679 iu
581 2610 696 2699 Hippin
715 2611 835 2679 Minore
856 2610 897 2679 de
911 2612 1081 2680 mendacio
1101 2612 1224 2680 inveni·

216 2750 303 2808 mus,
321 2727 461 2797 Socratis
473 2726 768 2817 argumentatione.

256 2845 280 2913 1.
295 2843 437 2933 Longius
447 2849 534 2913 esset
544 2842 653 2911 omnia
667 2841 850 2911 Aristotelis
865 2842 934 2911 loca
955 2844 1079 2914 6616666
1097 2844 1131 2911 in
1152 2845 1236 2933 qui-s

213 2960 275 3029 bus
296 2960 438 3030 Socratis
455 2950 602 3028 instituta
626 2960 810 3029 clarissimo
834 2958 963 3028 lumine
983 2960 1221 3040 illustrantur¹‚

213 3077 375 3166 alqueita
392 3078 526 3170 quidem
548 3083 586 3145 ut
601 3076 694 3149 nullo
712 3076 811 3146 modo
831 3076 965 3146 credere
979 3075 1077 3145 liceat
1091 3077 1153 3145 sub
1168 3077 1224 3146 So·

213 3195 311 3262 cratis
323 3194 457 3261 nomine
471 3192 639 3261 Platonem
652 3192 764 3282 ipsum
778 3190 896 3260 lacessi
908 3198 941 3259 et
956 3190 1075 3260 6616111.
1097 3192 1179 3260 Nam
1192 3199 1225 3261 et

214 3310 248 3377 in
274 3309 388 3378 multis
418 3309 499 3378 locis
529 3318 662 3377 veterem
684 3307 843 3377 Socratem
866 3307 1016 3376 nominat
1036 3308 1224 3397 Aristoteles
1298 3382 1300 3389 ,

222 3426 387 3514 (Σωκράτης
403 3433 417 3493 ὁ
431 3428 609 3514 aposolicae),
623 3430 655 3492 61
669 3424 704 3492 16
718 3422 887 3492 nonnullis
902 3423 982 3512 quid
997 3424 1160 3515 Socratem
1175 3424 1224 3505 in·
1297 3426 1300 3430 ’

211 3546 261 3610 166
277 3548 309 3609 61
324 3541 489 3609 Platonem
508 3541 548 3609 (16
565 3539 743 3609 voluntatis
758 3543 875 3606 natura
889 3537 1066 3607 discrimen
1078 3539 1221 3623 intersit,

212 3656 320 3726 verbis
334 3656 476 3724 maxime
491 3655 628 3744 egregiis
645 3655 768 3724 definit.
787 3655 932 3733 Quorum
950 3662 1061 3722 lamen
1083 3653 1132 3724 vis
1154 3677 1223 3723 om-

211 3771 390 3841 ncsadhuo
407 3771 602 3860 interpretes
622 3770 727 3860 lugit;
754 3776 791 3837 ut
816 3775 848 3836 61
867 3769 1009 3839 Socratis
1032 3778 1064 3837 61
1083 3770 1223 3839 Platonis

212 3887 366 3957 delibero
382 3885 518 3956 arbitrio
532 3856 845 3976 institutalmaxime
857 3884 890 3953 in
905 3884 1045 3975 lectius,
1058 3907 1077 3954 a
1091 3887 1224 3954 nemine
1323 3901 1326 3909 ¹

212 4007 300 4071 recte
317 4000 591 4092 intelligerentur.
613 4002 675 4071 Sed
696 4023 757 4070 nos
779 4001 891 4069 dehis
912 4000 1023 4070 alias¹.
1047 4001 1094 4067 lbi
1112 4007 1222 4070 tamen

243 4197 253 4228 ¹
270 4197 327 4247 llaec
337 4197 423 4247 nidere
432 4202 470 4245 est
483 4196 509 4245 in
520 4201 604 4246 nostro
619 4195 682 4246 libro
697 4210 702 4242 :
720 4196 753 4245 La
766 4193 929 4260 Philosopkie
939 4193 971 4243 de
985 4193 1094 4253 Socrate,
1104 4200 1171 4244 tome
1186 4195 1204 4246 1.

244 4276 255 4308 ¹
271 4276 329 4326 tide
340 4276 434 4326 librum
449 4280 564 4327 nostruin
580 4289 585 4323 ε
601 4277 635 4326 Lo
646 4274 807 4341 philosophie
815 4274 847 4324 de
857 4274 957 4334 Platon,
971 4281 1035 4323 tome
1049 4275 1067 4326 ¹.
