2990 4918
285 555 348 606 SIVE
364 555 522 607 socnltlcl
538 555 650 608 contat
665 554 794 608 eleuant!
809 556 967 610 dllBl'l'Rlllll
984 558 1167 612 ARGUMENTA.
1199 544 1228 612 dt

175 707 177 712 ⁸
224 705 309 773 quos.
321 705 393 753 esse
408 683 553 763 creditis,
578 705 655 753 cum
673 682 715 752 iis
727 685 1027 775 comparanturqui
1040 686 1231 777 impruden-

223 807 271 870 ter
285 807 432 891 peccant,
450 799 550 869 iidem
558 800 668 869 ‘simul
678 800 815 890 justitiae
829 801 1013 892 cognitione
1031 782 1230 895 superiores,

219 917 354 1006 justitiae
373 921 448 986 verd
471 917 563 987 cultu
589 917 762 988 inferiores
782 917 946 988 videntur.
972 919 1073 1007 Quod,
1101 920 1233 990 Socrate

218 1032 340 1121 judice,
356 1041 527 1125 repugnat.
544 1034 588 1102 llo
600 1035 690 1103 enirn
713 1034 766 1103 isti
789 1033 961 1104 inferiores
980 1042 1070 1117 sunt,
1092 1058 1158 1126 quo
1178 1058 1233 1105 su·

221 1149 379 1241 periores,
396 1150 431 1219 id
452 1157 501 1220 est
520 1150 668 1219 scientia.
691 1150 800 1229 Quum
818 1155 892 1220 vero
914 1172 1033 1241 genere
1045 1158 1078 1221 et
1091 1153 1233 1223 essentia

222 1259 374 1337 meliores
390 1265 469 1348 sint,
492 1266 643 1357 quittari
666 1273 771 1357 potest
793 1274 830 1335 ut
853 1266 888 1336 in
908 1267 1016 1358 specie
1036 1268 1164 1359 pejores
1186 1270 1234 1338 vi-

221 1384 373 1465 deantur,
390 1383 453 1453 ctsi
466 1365 558 1452 nulla
570 1385 639 1472 jam
654 1383 835 1474 superioris
851 1383 929 1453 boni
945 1384 1035 1452 notio
1055 1391 1088 1453 et
1110 1386 1233 1476 appeti-

221 1501 266 1570 tio
286 1501 488 1577 intercedere
510 1507 619 1591 queat,
642 1504 707 1592 qua
727 1492 888 1588 movente,
908 1501 966 1592 qui
982 1502 1114 1593 optima
1136 1524 1233 1574 nove·

221 1624 310 1703 runt,
325 1617 428 1687 iidem
443 1617 566 1708 optima
578 1638 642 1686 usu
656 1617 843 1707 negligant?
857 1618 925 1699 llic,
942 1625 979 1686 ut
992 1622 1093 1709 supra
1107 1619 1232 1689 dictum

164 1818 169 1829 Ι
220 1746 280 1814 est,
306 1755 409 1825 genus
431 1733 478 1823 (id
496 1740 546 1802 est
561 1733 686 1801 bonum
698 1732 883 1822 cognitione
897 1737 1102 1825 perceptum)
1118 1742 1151 1805 et
1163 1714 1234 1827 spe·

221 1849 313 1919 eialis
330 1849 515 1920 differentia
541 1849 679 1929 (scilicet
699 1850 823 1919 bonum
848 1852 1013 1921 voluntate
1035 1851 1231 1942 appetitum)

221 1966 312 2036 omni
324 1989 361 2036 ex
375 1973 465 2058 parte
476 1975 660 2057 congruunt
676 1986 773 2036 :narn
786 1974 819 2037 et
828 1967 965 2039 scientia
975 1973 1008 2038 et
1019 1967 1168 2038 voluntas
1177 1991 1234 2060 pa·

221 2084 313 2172 riter,
330 2089 367 2152 ut
382 2083 427 2153 itu
444 2082 564 2166 dicam,
583 2105 755 2154 summurn
769 2084 894 2155 bonum
908 2084 1051 2175 arripere
1065 2084 1230 2156 uidentur.

264 2200 438 2271 Conclusio
456 2201 558 2292 igitur
573 2201 694 2291 dialogi
715 2201 750 2273 in
768 2202 924 2273 socratica
946 2201 1106 2273 sententia
1114 2204 1201 2292 jacet
1221 2226 1230 2270 ε

220 2323 307 2399 οὐδεὶς
316 2325 404 2397 κακὸς
414 2325 498 2389 tado.
514 2317 577 2397 Qui
593 2318 635 2388 de
649 2318 841 2412 particulari
854 2340 968 2388 rerum
982 2319 1089 2410 specie
1105 2318 1231 2409 (quales

220 2439 297 2504 sont
315 2435 457 2524 numeri)
475 2456 550 2505 vera
567 2436 668 2518 novit,
692 2436 722 2504 is
745 2436 809 2506 alia
824 2416 979 2525 cogitare,
994 2435 1059 2504 alia
1072 2434 1181 2507 dicere
1200 2442 1232 2504 et

218 2571 313 2642 agere
325 2557 444 2642 potest,
455 2548 592 2643 ideoque
607 2558 641 2622 et
652 2550 760 2621 serbis
773 2560 806 2621 et
823 2551 917 2622 lactis
932 2551 1078 2621 mentiri.
1095 2551 1157 2629 Qui
1175 2574 1233 2622 au-

217 2671 284 2737 tem
303 2667 487 2739 desummo
505 2668 669 2737 bonorum
685 2688 802 2758 genere
816 2688 891 2737 vcra
906 2667 1011 2748 novit,
1029 2666 1058 2736 is
1078 2688 1145 2736 non
1162 2668 1230 2756 jam

216 2782 281 2853 alia
294 2783 479 2874 cogitando,
503 2784 567 2854 alia
582 2784 719 2855 dicendo
737 2791 769 2855 et
790 2784 913 2875 agendo
935 2790 1091 2876 praestare
1105 2790 1227 2875 potest;

216 2904 369 2991 ergdnon
382 2900 522 2972 mendax
531 2923 602 2973 esse
611 2907 729 2991 potest,
742 2900 811 2985 scd,
822 2907 861 2971 ut
868 2908 950 2990 λόγῳ
967 2900 1105 2991 (ratione
1117 2908 1150 2971 et
1160 2922 1231 2969 ora-

216 3015 333 3106 tione),
352 3016 400 3087 sic
415 3023 490 3109 ἔργῳ
505 3018 671 3107 (actione),
688 3018 801 3115 omnia
811 3017 901 3107 justo
917 3017 1031 3088 ordine
1047 3017 1228 3097 distribuit,

216 3138 353 3222 διαλέγων
367 3141 438 3204 κατὰ
460 3142 541 3222 γένη.
558 3134 667 3203 Prima
687 3134 818 3225 quidem
834 3130 989 3204 doctrinae
1003 3133 1142 3225 species,
1157 3152 1229 3223 quae

215 3249 358 3320 verbiset
368 3249 462 3320 lactis
473 3250 607 3320 mentiri
617 3257 736 3342 potest,
762 3249 984 3343 sophistarum
999 3256 1064 3330 est3
1083 3249 1229 3319 secunda

214 3369 301 3446 vero,
326 3366 359 3434 id
379 3374 430 3436 est
450 3373 482 3436 et
499 3387 575 3437 vera
599 3372 632 3435 et
655 3387 785 3456 semper
803 3365 866 3436 sibi
886 3373 1038 3436 constans
1053 3365 1225 3456 sapientia,

213 3502 287 3570 quae
297 3483 510 3554 etverhorum
519 3489 551 3552 et
560 3482 724 3554 laetorum
737 3482 905 3553 mendacia
915 3484 1053 3576 prorsds
1066 3481 1225 3575 excludit,

212 3593 354 3668 Socratis
367 3604 415 3668 est
428 3598 600 3668 rationalis
611 3605 643 3669 et
662 3598 796 3668 moralis
811 3598 990 3669 dialectica.
1009 3638 1055 3651 -
1068 3599 1144 3676 Quae
1158 3598 1227 3667 Pla-

213 3714 294 3800 toui,
308 3716 389 3784 durn
403 3714 551 3804 Hippiam
563 3715 731 3796 scriberet,
748 3715 783 3785 in
798 3721 908 3786 mente
923 3714 1039 3799 fuisse,
1050 3735 1117 3784 non
1130 3712 1226 3784 modo

212 3831 508 3924 suspicamur,·sed
518 3831 594 3921 jure
607 3820 743 3922 quidem
764 3839 888 3915 nostro,
910 3831 982 3900 sine
1001 3830 1072 3899 ulla
1098 3830 1225 3899 dubita-

209 3946 311 4034 tione,
326 3951 576 4020 asseveramus¹.¹

238 4174 250 4215 ’·
270 4187 309 4238 sn
319 4193 345 4237 a
355 4187 382 4238 tn
392 4187 482 4252 corpe
493 4188 554 4238 nna
569 4194 594 4238 et
604 4187 849 4243 paenulatorum
862 4185 1013 4250 eroquenua,
1027 4196 1085 4246 que
1098 4183 1222 4242 aructat,

209 4267 259 4318 alia
271 4267 365 4330 cogitat
373 4268 467 4333 attigit,
476 4282 535 4318 curn
543 4270 602 4318 vert
611 4265 733 4318 dialectici
741 4267 885 4329 eloquentia
893 4269 1061 4328 comparatur,
1071 4275 1128 4324 que
1137 4264 1223 4314 eadent
