2990 4918
256 534 271 582 8
574 529 714 581 Pbb'l'OlllS
730 528 847 580 llll’PllS
863 528 955 580 tunna

228 686 234 697 ¹
307 657 629 745 Schleiermaoherus
643 658 711 725 tere
727 656 848 724 similia
864 655 904 723 de
915 654 1031 745 Hipptd
1050 638 1168 725 Minore
1192 655 1272 723 scri-

205 832 209 841 .
261 777 338 867 psit,
363 796 461 865 quem
485 773 590 843 credit
610 794 629 840 a
650 772 782 841 Platone
803 771 875 860 ipso
895 771 1008 839 forsan
1022 771 1268 852 adumbratum,

260 890 453 960 amediocri
471 894 583 958 autem
608 888 751 958 Platonis
777 886 940 977 discipulo
959 887 1077 957 litteris
1099 887 1271 977 consigna·

259 1016 343 1076 tum.
371 1006 463 1085 Quod
485 1009 584 1095 quam
608 1005 750 1093 gratuito
767 1004 882 1073 fiotum
906 1004 962 1082 sit,
989 1004 1063 1094 quis
1087 1026 1154 1074 non
1175 1003 1272 1072 intel·

259 1124 362 1213 ligatt
471 1150 475 1157 ·
899 1206 903 1215 ι

303 1240 376 1308 lam
396 1243 473 1308 vend
490 1239 584 1328 quasi
603 1258 662 1328 per
683 1236 1075 1324 erumpereturespondent
1098 1237 1123 1305 ii
1141 1236 1199 1327 qui
1220 1255 1274 1323 gc-

259 1354 403 1424 nuinum
427 1376 500 1425 esse
518 1354 687 1444 dialogum
705 1353 930 1439 arbitrantur:
958 1354 1165 1425 Steinhartus
1183 1353 1273 1442 (llin-

259 1473 341 1548 tar„
366 1470 437 1557 99),
455 1470 616 1541 Secherus
637 1468 745 1561 (Uota
762 1468 890 1552 Platon,
904 1471 983 1553 tlt,
1003 1471 1095 1559 lli),
1113 1471 1273 1540 Stallbau·

260 1586 347 1655 mius
370 1584 474 1676 (Arp,
501 1587 579 1675 255)
602 1591 636 1654 et
653 1562 904 1655 recentissimus
926 1585 1068 1675 denique
1091 1585 1127 1653 G.
1153 1569 1282 1655 Gratus

261 1704 364 1801 (Plato
391 1706 455 1773 ond
479 1706 529 1773 the
551 1704 638 1772 other
658 1706 858 1794 conspartione
881 1707 919 1793 ot
938 1705 1099 1793 dolantes,
1120 1704 1145 1783 1,
1179 1705 1270 1795 587).

258 1819 413 1909 Anglicus
431 1825 508 1889 verb
528 1821 690 1910 interpres
703 1821 833 1915 laetatur
846 1821 934 1910 qubd
958 1821 1123 1903 Socratem
1148 1826 1271 1913 aperte,

259 1944 297 2004 ut
315 1933 430 2021 credit,
446 1937 599 2024 sophistae
614 1940 723 2025 partes
734 1926 895 2023 'agentem
919 1935 1157 2026 deprehendat;
1178 1944 1274 2026 atque

260 2051 351 2136 inde,
370 2057 407 2120 ut
420 2051 513 2129 solet,
529 2051 752 2141 sophistarum
776 2051 832 2135 ille
850 2050 969 2119 vindex
984 2058 1017 2119 et
1033 2049 1185 2120 laudator
1197 2071 1273 2118 con-

259 2166 365 2234 cludit
389 2187 456 2235 non
481 2164 562 2232 adeo
583 2163 814 2255 sophistarum
831 2172 992 2255 praecepta
1018 2187 1036 2233 a
1062 2165 1203 2234 Socratis
1225 2165 1275 2255 ip·

259 2283 329 2351 sius
344 2281 505 2350 institutis
531 2281 677 2351 dillerre.
696 2281 902 2350 Steinhartus
916 2287 1051 2364 autem„
1062 2280 1225 2350 docherus
1243 2289 1276 2351 ct

259 2397 465 2468 Schwalbeus
478 2397 679 2468 arbitrantur
691 2397 857 2467 Socratem
871 2417 929 2488 per
944 2398 1084 2466 ironiam
1099 2397 1276 2489 sophistice

259 2537 336 2583 cum
356 2513 515 2604 sophistis
535 2534 631 2604 agere
650 2519 682 2582 et
704 2535 780 2582 cum
801 2513 1032 2582 cavillantibus
1057 2511 1214 2582 cavillari.
1242 2511 1275 2579 Si
1348 2574 1353 2583 .

259 2628 447 2698 Steinharto
469 2628 567 2698 fidem
589 2629 819 2715 adhibeamus,
842 2630 989 2701 Socrates
1012 2650 1080 2698 non
1103 2629 1208 2718 magis
1225 2648 1276 2697 so·

260 2746 412 2836 phisticis
440 2746 568 2815 artibus
591 2746 640 2814 uti
674 2744 913 2837 dedignabatur
944 2751 1044 2839 quim
1065 2748 1172 2839 quivis
1191 2748 1275 2816 alius

261 3034 274 3067 a
291 3014 468 3065 connaissance
483 3002 593 3077 partaite
611 3013 642 3063 de
657 3018 714 3063 tout
728 3027 756 3063 oe
775 3015 883 3078 qu'asait
893 3015 939 3065 tait
959 3030 992 3066 ou
1006 3018 1096 3069 n'arait
1110 3032 1155 3083 pas
1172 3019 1218 3070 nit
1231 3033 1276 3072 son

261 3112 273 3144 a
291 3093 391 3144 maltre.
401 3091 1277 3161 Schleiermacheressuped’allaiblirl'argumenttiredupassagedela

261 3193 274 3225 u
291 3175 489 3240 Metapbyaiqae,
501 3187 534 3224 en
548 3174 642 3224 faisant
653 3187 802 3237 remarquer
810 3176 961 3238 qu‘tristote
973 3177 1021 3227 cite
1033 3177 1160 3244 l’lh'ppias
1176 3195 1234 3232 sans
1245 3196 1277 3230 en

261 3275 273 3305 ι
291 3268 407 3306 nommar
420 3255 536 3305 l'auteur.
549 3253 609 3304 llais
629 3254 731 3304 d’ahord
745 3268 776 3303 on
791 3261 851 3319 peut
864 3256 987 3320 rependas
1005 3258 1157 3320 qu'hristote
1175 3274 1208 3311 ne
1228 3263 1276 3313 cite

260 3355 272 3386 a
290 3338 369 3400 gnere
381 3340 524 3385 autrement
533 3334 570 3384 les
584 3334 712 3397 dialogues
723 3335 759 3384 les
771 3336 829 3399 plus
841 3336 1016 3399 authentiques
1026 3337 1058 3388 de
1067 3338 1185 3400 Platon·;
1198 3347 1224 3390 et
1232 3355 1277 3391 en-

261 3433 273 3463 «
291 3417 357 3468 suite
366 3416 390 3466 le
399 3415 472 3465 rieux
482 3415 659 3465 commentaire
668 3415 827 3465 d’hlexandre
836 3415 997 3479 d'hphrodise
1006 3423 1044 3466 est
1054 3418 1087 3477 la,
1101 3420 1145 3483 qui
1159 3427 1276 3484 rapporte

260 3514 272 3543 a
291 3510 348 3546 sans
360 3494 453 3545 hesiter
465 3495 479 3542 a
491 3493 579 3543 Platon
589 3490 706 3557 l’llippias
717 3492 765 3544 cite
777 3507 822 3555 par
836 3494 950 3545 Aristote.
970 3496 1031 3545 Sans
1041 3497 1104 3548 donc
1116 3510 1178 3548 nous
1186 3500 1276 3561 egarer

259 3594 271 3625 a
290 3580 304 3627 a
324 3576 356 3625 de
375 3575 459 3624 mines
479 3571 635 3636 hypotheses,
654 3587 718 3624 nous
732 3574 828 3624 aimons
847 3575 929 3625 micus
946 3581 1072 3628 constater
1085 3578 1234 3641 loyalement
1253 3580 1277 3630 la

260 3674 273 3705 a
291 3642 413 3708 diltlculte
425 3667 474 3718 que
486 3652 542 3703 d'en
551 3652 617 3702 tirer
627 3651 671 3703 des
687 3652 808 3704 solutions
823 3655 1012 3718 conjecturales.
1026 3658 1091 3706 Nous
1106 3671 1215 3709 arouons
1226 3673 1275 3723 que

261 3755 273 3785 a
290 3736 417 3788 l'autorite
426 3734 459 3784 du
468 3746 573 3797 passage
583 3732 714 3784 d‘llristote
723 3733 829 3784 subsiste
840 3750 906 3800 pour
916 3750 979 3787 nous
992 3738 1054 3787 dans
1071 3743 1141 3788 toute
1150 3753 1177 3789 sa
1192 3741 1274 3800 torce3

259 3833 271 3865 a
289 3815 362 3875 mais,
375 3815 436 3864 d’un
444 3819 515 3863 autre
525 3813 589 3871 cote,
600 3814 662 3864 celle
670 3814 714 3863 des
722 3822 868 3877 arguments
876 3817 984 3879 negotiis
992 3831 1041 3880 que
1048 3832 1111 3868 nous
1119 3833 1194 3870 avons
1202 3834 1277 3885 expo-
1317 3866 1323 3883 ,

261 3915 273 3945 a
290 3900 370 3948 sesne
383 3894 545 3957 subsistepas
557 3891 637 3943 moins
648 3896 662 3944 a
672 3908 717 3944 nos
729 3908 801 3959 peux,
816 3901 841 3946 et
856 3909 920 3947 nous
931 3898 1109 3948 abandonnons
1127 3900 1152 3950 la
1166 3900 1277 3952 decision

262 3996 273 4026 a
291 3974 460 4027 definitirsdu
470 3971 623 4036 probltmes
638 3988 688 4024 une
704 3974 812 4038 critique
825 3976 882 4039 plus
891 3976 973 4028 habile
982 3991 1014 4027 ou
1023 3977 1080 4040 plus
1094 3979 1182 4030 hardie
1191 3994 1240 4044 que
1252 3982 1276 4031 la

263 4075 273 4102 a
292 4057 373 4108 notre.
389 4072 401 4103 a

186 4232 191 4242 ·
290 4218 298 4236 “
314 4212 361 4260 lmd
368 4213 421 4260 sero
430 4213 499 4257 etiam
510 4212 533 4256 id
541 4213 615 4268 ipsum
625 4218 756 4270 argumento
766 4221 801 4258 ast
810 4215 907 4259 Platonis
917 4228 972 4273 opus
981 4231 1037 4270 esse,
1050 4219 1109 4275 quod
1117 4219 1179 4263 Plato
1188 4232 1233 4265 aon
1244 4234 1272 4264 aa

252 4278 356 4323 minatur
369 4292 375 4320 ε
387 4276 460 4332 quivis
469 4274 530 4318 enim
539 4274 596 4317 alius
605 4274 701 4330 scriptor
711 4275 844 4321 nominatim
855 4278 883 4322 ab
894 4279 1011 4324 Aristotele
1025 4282 1107 4325 citatus
1120 4288 1185 4327 essm.
