2990 4918
268 504 299 555 te
582 505 719 557 rollonis
735 505 853 559 lllPPlllS
868 506 963 558 itinou

316 629 354 697 ll.
380 629 458 708 Quae
480 652 583 720 quum
606 631 651 700 ita
674 631 751 717 sint,
778 654 877 721 quem
902 633 972 721 jam
995 630 1106 705 locum
1133 632 1282 701 obtinere

272 751 379 832 potest
392 744 570 834 singularis
583 746 641 814 illa
652 746 702 816 vis
712 747 828 827 animi,
842 768 941 836 quam
951 746 1094 816 liberum
1109 747 1282 815 arbitrium

272 863 448 928 vocamus?
459 863 690 949 qudadhibitd,
708 870 745 932 ut
758 864 930 932 nonnullis
942 863 1148 954 philosophis
1159 864 1280 954 placet,

271 973 399 1045 etiamsi
409 978 533 1068 optima
542 981 670 1051 ratione
682 982 1029 1071 praeferamus‚pejora
1038 988 1147 1050 tamen
1157 980 1283 1070 agendo
1347 1037 1354 1044 ,

271 1097 503 1187 anteponimus
519 1127 526 1181 ;
542 1101 631 1170 unde
646 1100 752 1169 oritur
765 1101 908 1169 maxima
931 1100 1148 1190 cogitatorum
1162 1106 1197 1168 et
1216 1098 1283 1167 lac·

269 1216 394 1298 torum,
411 1213 550 1304 ideoque
574 1218 719 1287 bominis
743 1240 820 1286 cum
844 1218 1022 1307 semetipso
1042 1215 1283 1306 discrepantia?

268 1330 461 1402 —Nullum
476 1339 564 1405 certe
588 1336 698 1406 locum
721 1337 845 1406 visilia
871 1336 990 1424 agendi
1015 1337 1136 1405 babere
1153 1335 1283 1404 ridetur

268 1449 333 1534 qud
347 1449 526 1539 confugiat,
550 1451 579 1519 si
601 1452 725 1522 Socrati
746 1452 845 1521 fidem
858 1452 1120 1523 adhibuerimus.
1137 1451 1218 1519 Sunt
1232 1458 1281 1520 ta·

268 1584 346 1632 men
359 1572 509 1635 veterum
529 1568 736 1659 interpretes,
758 1570 817 1659 qui
835 1570 1001 1639 Socratem
1026 1577 1145 1657 negant
1165 1588 1281 1639 earum

267 1700 383 1750 rerum
409 1682 473 1752 sibi
494 1685 664 1754 conscium
688 1685 792 1754 fuisse
812 1706 884 1776 quae
906 1686 1030 1755 talibus
1048 1707 1088 1755 ex
1111 1674 1282 1774 principiis

267 1798 414 1888 legitima
429 1801 654 1871 conclusionis
669 1802 719 1872 vici
734 1801 853 1871 deduci
869 1803 1034 1891 possent&

312 1916 352 1984 rit
367 1917 457 1986 enim
472 1918 508 1984 in
524 1917 605 2017 ipsis
617 1920 866 1988 Memorabilibur
881 1917 949 1986 duo
963 1917 1028 1986 loci
1040 1917 1283 2003 suntmaximb

268 2031 403 2122 quidem
420 2034 556 2123 egregii,
573 2036 632 2124 qui
646 2035 830 2125 plurimbm
847 2035 887 2102 ad
903 2034 1026 2123 Hippiae
1041 2033 1282 2103 Minoricinter-
1314 2044 1317 2049 ⁴
1414 2035 1417 2039 ’

231 2154 235 2164 “
268 2148 486 2238 pretationem
503 2150 655 2221 conferre
668 2156 825 2240 possunt:
849 2171 938 2218 unus
953 2150 994 2218 de
1012 2148 1182 2240 sapientitt,
1199 2146 1281 2218 olte'r

269 2263 310 2331 de
331 2265 516 2335 mendacio.
537 2264 664 2343 Quibus
681 2266 710 2335 si
721 2265 895 2354 diligenter
911 2264 1101 2349 attenderis
1122 2263 1217 2333 facile
1230 2263 1281 2332 iu·

268 2378 398 2468 telliges
411 2402 479 2448 non
498 2380 660 2471 principia
680 2383 811 2451 tantbm
832 2380 880 2449 rei
899 2380 1083 2472 proesentis,
1106 2379 1279 2450 sedetiam

266 2515 483 2587 quaecumque
523 2504 784 2590 consequentur,
821 2498 946 2569 Socrati
982 2497 1166 2566 clarissimo
1207 2498 1282 2565 luce

265 2619 437 2704 perspecta
448 2614 565 2685 luisse.

309 2729 457 2821 Namque
470 2734 556 2823 apud
573 2732 821 2824 Xenophontem
845 2733 890 2800 ita
907 2732 1055 2801 Socrates
1068 2730 1215 2820 disserit,
1231 2738 1279 2809 ut.

266 2864 339 2936 quae
361 2866 399 2913 ex
413 2846 520 2915 liberi
536 2846 666 2916 arbitrii
686 2846 946 2918 consideratione
969 2847 1067 2936 objici
1083 2851 1227 2936 possent,
1244 2867 1282 2915 ea

174 2962 176 2967 ⁴
265 2946 468 3032 considerate
492 2962 621 3032 refellat
649 2970 682 3033 ct
713 2969 914 3053 retorqueat.
935 3002 976 3013 -
1005 2970 1145 3051 «Σοφίαν
1167 2954 1203 3031 ’δὲ
1235 2970 1283 3031 καὶ

264 3158 320 3209 licis
330 3157 413 3210 verbis
423 3163 535 3222 utamur,
550 3170 654 3211 manere
662 3159 751 3223 nequit
761 3160 788 3208 in
795 3157 922 3225 potentio,
931 3163 956 3208 et
967 3157 1020 3222 ipsa
1033 3169 1114 3221 seper
1123 3156 1283 3220 semetipsam

264 3240 296 3289 ad
310 3243 393 3290 actum
406 3237 521 3304 impellit.
535 3256 591 3289 -ι
606 3247 696 3299 Κακοὺς
709 3242 734 3290 δι
745 3242 793 3308 ἄρα
801 3247 855 3298 τοὺς
867 3242 928 3299 οἵους
940 3244 1033 3296 τούτοις
1045 3248 1119 3297 κακῶς
1128 3241 1284 3304 modum-

265 3326 336 3379 Τίνας
350 3328 397 3387 γὰρ
411 3322 506 3385 ἄλλους
517 3322 569 3386 ἔφη.
588 3319 683 3392 -’Δρ’
695 3318 734 3372 οὖν
744 3319 839 3373 ἕκαστοι
852 3332 956 3388 χρῶνται
968 3325 998 3378 ὡς
1012 3320 1102 3371 οἴονται
1112 3322 1174 3378 datm
1185 3345 1217 3357 -
1232 3324 1282 3379 Πῶς

265 3407 311 3467 γὰρ
321 3402 408 3464 villum
423 3401 476 3467 ἔφη.
493 3428 525 3440 -
537 3398 603 3468 Ἀροι
614 3396 652 3454 οὖν
667 3403 689 3453 οἱ
703 3410 736 3466 μὴ
752 3401 878 3465 δυνάμενοι
891 3405 964 3459 καλῶς
982 3405 1085 3466 χρῆσθαι
1099 3403 1176 3450 ἴσασιν
1195 3403 1225 3460 ὡς
1245 3402 1283 3451 δεῖ

265 3485 383 3549 χρῆσθαι;
399 3508 431 3518 -
442 3483 477 3532 Ob
488 3482 564 3538 δήπου
575 3503 610 3546 γι,
625 3484 678 3553 ἔφη.
693 3509 726 3520 ·-
740 3487 771 3532 Οἱ
783 3484 830 3551 ἄρα
844 3482 933 3542 etiem
946 3486 977 3541 ὣς
988 3483 1025 3531 δεῖ
1039 3484 1149 3546 χρῆσθαι,
1162 3479 1226 3531 οὗτοι
1240 3485 1282 3531 καὶ

266 3560 390 3624 δύνοντος
405 3567 518 3614 -Μόνοι
528 3583 564 3628 γε,
575 3564 627 3629 ἔφη.
640 3562 709 3614 -Τί
721 3565 762 3624 δέ;
781 3566 803 3613 ol
819 3571 853 3628 μὴ
866 3565 1055 3633 διημαρτηκότες
1064 3564 1111 3628 ἄρα
1123 3571 1198 3621 κακῶς
1205 3571 1283 3629 χρῶν-

264 3661 306 3693 ται
318 3653 367 3701 τοῖς
377 3646 503 3705 octobrem
516 3671 548 3682 -·
558 3646 606 3695 ob<
622 3650 715 3709 οἴομαι,
727 3645 779 3716 ἔφη.
790 3670 823 3681 -
832 3648 864 3695 Oi
874 3646 920 3710 ἄρα
931 3656 1005 3703 κακῶς
1017 3652 1133 3710 χρώμενοι
1143 3643 1282 3708 διημαρτή-
1293 3668 1299 3675 ·

265 3740 345 3783 ιιαοινς
360 3750 391 3763 -
405 3727 476 3783 atnoe
491 3745 525 3789 pc,
542 3728 594 3796 ipu-
612 3752 644 3764 -
658 3730 689 3777 Ol
705 3733 749 3791 pu
767 3729 814 3791 ἄρα
827 3728 978 3790 ἐπιστάμενοι
988 3736 1038 3783 τοῖς
1048 3727 1130 3784 δεινοῖς
1139 3742 1165 3775 τε
1179 3730 1219 3773 καὶ
1230 3726 1282 3775 lert-

184 3798 186 3802 ·
264 3805 377 3863 ιιινδὺνοις
391 3809 466 3865 καλῶς
479 3809 582 3871 χρῆσθαι
598 3809 704 3872 ἀνδρεῖοί
720 3810 786 3867 εἰσιν,
807 3809 829 3858 oi
844 3808 871 3856 δὲ
886 3807 1086 3872 διαμαρτάνοντες
1094 3808 1181 3857 τούτου
1195 3806 1267 3859 δειλοί
1272 3819 1281 3865 3

263 3906 295 3919 -
307 3881 407 3948 Ἔμοιγε
423 3886 535 3946 δοκοῦσιν,
551 3888 603 3959 ips.
621 3904 633 3936 ι
647 3887 782 3936 —Rursus
800 3885 827 3934 in
836 3884 904 3935 idem
915 3884 1030 3936 incidunt
1039 3883 1128 3949 optimi
1139 3884 1248 3946 cognitio
1258 3889 1282 3934 et

262 3962 348 4026 optimi
364 3966 499 4027 exsecutio,
516 3967 581 4018 bene
594 3968 684 4031 egendi
703 3965 815 4031 potentia
827 3973 853 4017 et
865 3973 944 4027 actus,
960 3964 1027 4016 ratio
1044 3964 1195 4019 antecedens
1202 3968 1228 4019 ot
1237 3978 1282 4016 vo-

263 4040 347 4094 luntas
361 4045 479 4106 efficiens,
495 4062 575 4111 genus
587 4055 612 4098 et
621 4048 773 4098 differentia.

295 4123 305 4156 ¹
323 4141 336 4173 ι
349 4124 446 4175 Socrate
458 4141 489 4176 ne
501 4129 595 4178 semble
604 4143 648 4193 pas
662 4129 730 4178 avoir
741 4141 834 4191 apercu
847 4142 888 4178 ces
904 4128 1095 4192 consequences,
1107 4127 1170 4191 qu'il
1185 4127 1228 4178 erit
1236 4140 1281 4177 rc-

263 4203 416 4265 poussoos.»
436 4206 478 4256 Ch·
495 4207 622 4273 beneque:
641 4209 674 4258 La
688 4221 765 4257 cause
783 4211 806 4257 et
830 4206 857 4256 la
872 4205 960 4258 liberte
974 4207 1044 4258 selon
1064 4208 1099 4258 lec
1113 4204 1197 4273 princ.
1209 4204 1277 4272 pail.

263 4299 341 4348 proce,
358 4287 376 4345 l,
389 4301 413 4350 p.
426 4286 457 4336 ll
470 4288 609 4352 {Mcnroirec
627 4288 658 4339 cle
675 4287 829 4339 l’dcoddmic
841 4289 886 4339 dee
902 4287 1012 4340 οοὶοιιοοο
1025 4288 1152 4350 morales).
