2990 4918
144 408 147 412 ’
239 448 270 499 co
548 448 688 500 rnlrorus
703 449 817 502 uirens
833 452 926 502 uruon

239 595 409 664 speremus
428 576 470 643 ad
484 575 569 643 hona
590 575 696 663 magis
710 578 809 665 quam
828 577 981 659 admota,
1000 579 1165 648 adrerum
1179 597 1249 647 mo-

238 691 288 778 gis
311 696 343 758 et
357 693 485 780 justum
507 693 608 780 quarn
629 691 670 760 ad
698 692 905 761 mendacium
929 701 962 761 et
978 694 1135 782 injuriam
1159 695 1248 764 anci·

238 806 297 896 pili
322 805 480 904 sapientia
501 828 643 875 usurum
668 828 750 877 esse.
782 808 819 875 ln
846 810 908 879 hdo
932 810 1021 879 enim
1045 811 1177 898 regione
1199 824 1251 896 τῆς

237 930 377 1012 εὐτυχίας,
402 945 469 991 non
500 912 599 992 alium
631 924 862 1014 diversumque
886 927 997 994 locum
1035 918 1252 998 tenetfhomo

237 1041 387 1122 mendax,
410 1040 513 1109 alium
539 1041 638 1109 homo
665 1041 842 1123 veridicus,
871 1042 978 1111 sedin
994 1048 1118 1134 unolet
1136 1042 1251 1112 eodem

236 1155 369 1224 homine
389 1176 507 1246 anceps
522 1157 671 1226 doctrina
688 1140 865 1246 ancipitem
888 1158 1064 1248 potentiam
1080 1166 1178 1250 atque
1191 1180 1250 1227 an-

236 1271 352 1361 cipites
370 1278 463 1341 actus
477 1264 655 1343 admittit:
679 1300 695 1337 ο
720 1279 790 1344 Εἰπέ
816 1302 874 1359 μοι,
894 1281 942 1343 ἐάν
966 1303 1017 1344 που
1041 1283 1124 1368 εὕρῃς
1140 1283 1175 1344 ἐκ
1193 1289 1249 1345 τῶν

236 1395 463 1476 ὡμολογημένων
487 1396 550 1475 ἐμοί
566 1419 597 1459 τε
621 1419 668 1458 aar
662 1396 728 1459 'oct
749 1395 820 1458 ἐστιν
834 1397 899 1458 δὲ
864 1419 884 1477 μ
899 1419 913 1458 ν
928 1398 1116 1478 ἀληθής,δδ
1117 1397 1226 1478 ὲδψεν
1215 1420 1250 1478 ης

236 1509 322 1592 χωρὶς
336 1533 382 1572 και
372 1510 475 1592 οὖχὸ
490 1511 585 1592 αὐτόςς
605 1503 652 1574 Ἐν
667 1509 686 1596 ᾖ
701 1513 796 1590 τινιβο
798 1514 858 1576 cta
871 1514 950 1595 οορῖρ
958 1519 1036 1576 τουτο
1049 1516 1147 1595 σκέψαι
1161 1515 1248 1592 ἤπα-

236 1628 348 1708 νουργίᾳ
361 1628 380 1703 ἢ
393 1627 481 1714 ὁτιοῦν
493 1627 600 1711 χαίρεις
609 1629 765 1706 ὀνομάζων.
780 1621 871 1691 Ἀλλ’
885 1629 938 1710 οὐχ
953 1631 1090 1711 εὑρήσεις,
1106 1626 1129 1691 ὦ
1143 1629 1246 1712 ἑταῖρε·

235 1742 267 1804 ὀὐ
282 1744 338 1826 γὰρ
353 1743 435 1806 ἔστιν·
455 1743 553 1805 ἐπεὶ
508 1766 559 1805 ου
574 1743 647 1806 εἰπέ.
663 1740 847 1807 *llll*
820 1767 870 1807 ουκ
886 1746 956 1827 ἔχω,
975 1742 1211 1829 dZdapccm‘...
1231 1763 1248 1802 ν

238 1892 278 1902 -
294 1854 362 1932 Quo
378 1855 469 1923 enim
490 1855 588 1923 modo
606 1855 736 1935 habeat,
757 1877 814 1943 qur
805 1855 936 1924 solam
950 1859 1024 1924 rere
1040 1855 1248 1960 sapientiam,
1341 1928 1344 1933 ,
1365 1908 1367 1911 .

239 1991 363 2037 summu
353 1970 456 2038 boni
467 1969 640 2039 scientiam
654 1978 687 2039 et
695 1970 913 2051 dialecticam
932 1971 1085 2060 ignorat?

282 2086 350 2153 Tali
373 2085 470 2154 modo
486 2087 613 2154 conrict
613 2085 797 2175 usHippias
822 2108 840 2154 a
851 2087 1044 2155 dialecticis
1068 2085 1251 2155 rationibus

239 2202 279 2270 ad
293 2208 364 2270 acta
379 2201 536 2289 confugit.
557 2203 702 2291 Namque
720 2202 755 2269 in
777 2223 813 2270 re
835 2202 970 2291 quidem
985 2207 1016 2270 et
1037 2203 1120 2271 lacto
1135 2201 1253 2271 melior

240 2319 353 2408 Ulysse
371 2317 515 2386 Achilles
527 2316 776 2386 fuisseuidetur.
797 2319 889 2397 Quod
904 2320 1019 2389 rursus
1032 2324 1130 2407 negat
1142 2318 1254 2389 Socra·

240 2441 289 2502 tes
307 2458 314 2499 :
330 2433 490 2529 Achillem
502 2433 591 2504 enim
607 2433 651 2503 ait
667 2455 732 2503 non
742 2434 839 2503 modo
853 2434 961 2505 uerbis
972 2435 1119 2515 mentiri,
1138 2435 1251 2503 verdm

240 2550 338 2619 etiam
363 2551 435 2641 ipsd
458 2570 494 2621 re
516 2556 614 2641 atque
637 2550 722 2619 facto
747 2549 914 2621 declarare
930 2552 1031 2639 qu'am
1048 2551 1091 2619 sit
1106 2550 1252 2619 veritatis

239 2649 427 2755 negligens3
449 2665 627 2757 siquidem,
655 2689 759 2756 quum
781 2688 816 2736 se
838 2668 964 2735 Phliam
979 2687 1188 2735 reuersurum
1208 2666 1252 2734 sit

240 2782 475 2867 comininum,
495 2783 712 2851 nihilominus
733 2785 768 2850 in
785 2783 973 2850 Graecorum
988 2782 1104 2851 castris
1120 2781 1162 2851 ad
1177 2781 1252 2850 Tro·

236 2899 305 2987 jam
322 2907 483 2980 remanet,
505 2905 605 2989 atquc
626 2897 715 2987 Ajaci
737 2898 842 2966 multa
864 2897 928 2992 alia
944 2898 1022 2966 dicit
1044 2919 1121 2966 cum
1136 2899 1178 2967 iis
1192 2920 1251 2987 pu·

239 3016 373 3102 guantia
391 3037 462 3105 quae
480 3015 718 3104 Agamemnoni
742 3015 880 3084 dixerat.
906 3053 960 3115 -Ι
973 3013 1158 3104 Respondet
1177 3014 1252 3104 Hip-
1286 3076 1291 3083 .

238 3131 323 3228 piae,
340 3138 377 3200 ut
395 3139 525 3223 parcat,
544 3131 689 3226 Ulyssem
706 3131 855 3200 consulto
870 3153 907 3199 ac
919 3130 1098 3200 deliberato
1113 3129 1251 3200 consilio

240 3247 385 3329 mentiri,
404 3246 565 3316 Achillem
582 3254 693 3316 autem
709 3246 950 3336 imprudentem
965 3246 1046 3316 salsa
1058 3245 1167 3316 dicere
1184 3273 1192 3313 ι
1209 3284 1251 3297 -

242 3389 259 3428 «
276 3371 316 3433 Οὐ
327 3372 383 3453 γὰρ
399 3372 497 3444 καλῶς
519 3375 647 3453 σκοπεῖς,
664 3367 687 3431 ὦ
701 3373 862 3452 Σώκρατες.
881 3364 913 3432 “A
935 3372 1054 3454 μὲνγὰρ
1068 3370 1083 3432 δ
1100 3364 1253 3452 Ἀχιλλεὺς

240 3488 379 3567 ψεύδεται,
398 3486 449 3549 οὑκ
464 3482 496 3562 ἐξ
512 3487 662 3563 ἐπιόουλῆς
675 3487 797 3567 potuerat
815 3485 995 3567 ψευδόμενος,
1013 3479 1086 3549 ἀλλ’
1104 3487 1192 3566 ἄκων,
1209 3486 1253 3548 διὰ

239 3605 289 3684 τὴν
311 3604 448 3687 σομρορὰν
467 3605 517 3683 τὴν
541 3609 588 3666 τοῦ
609 3605 792 3687 στρατοπέδου
810 3603 997 3685 ἀναγκασθεὶς
1018 3607 1185 3685 καταμεῖναι
1204 3603 1252 3665 καὶ

240 3722 387 3800 βοηθῆσαι·
403 3723 422 3782 d
438 3721 498 3783 cte
519 3714 677 3798 ’Odcc‘oedc‚
696 3720 767 3783 ἑκών
781 3743 812 3784 τε
826 3721 873 3782 καὶ
887 3717 919 3796 ἐξ
937 3718 1108 3799 ἐπιοουλῆς’.
1125 3739 1142 3777 ν
1177 3786 1181 3805 ⁸
1331 3702 1335 3707 ὁ

283 3831 354 3899 llaeo
380 3832 421 3901 ad
444 3832 623 3900 secundam
653 3830 774 3921 dialogi
798 3840 924 3920 partem
953 3830 1115 3901 transitio.
1144 3830 1250 3898 Prima

240 3946 329 4014 enim
345 3968 385 4016 ex
399 3953 491 4037 parte
501 3948 563 4017 hoc
576 3948 781 4029 concluditur
796 3974 803 4014 :
818 3949 1033 4026 -Quantdm
1050 3947 1084 4014 in
1094 3967 1132 4016 re
1142 3945 1252 4036 aliqua

273 4145 282 4175 ¹
298 4142 374 4206 Hipp.
392 4141 463 4202 llic,
477 4141 523 4191 ont
535 4156 565 4200 e;
578 4141 625 4190 oon
638 4156 661 4193 ι.

271 4223 281 4253 ²
296 4220 340 4275 all
353 4228 378 4272 et
389 4236 422 4273 ss.
