2990 4918
251 528 314 580 stru
331 527 491 580 senatrici
505 526 620 578 copim
634 525 761 577 Llllllllllll
777 525 937 577 summurn
953 523 1133 577 tuendorun.
1184 525 1200 574 5

233 652 350 720 llultos
368 652 457 721 enim
474 650 596 741 decipit
608 671 660 719 ars
678 650 736 718 illa
754 650 897 719 Platonis
917 649 1196 739 ingeniosissima,

190 771 267 859 qud,
290 775 323 840 et
336 776 461 837 naturae
471 767 576 858 ipsius
593 766 697 836 artein
717 766 877 848 imitatus,
898 775 930 836 ot
948 766 1085 836 rationis
1112 764 1200 836 ordi-

191 906 267 953 nem
289 892 432 964 secutus,
461 906 522 953 nos
544 907 604 975 per
620 885 742 973 gradus
770 884 929 974 quosdam
952 884 1138 953 dialecticos
1161 883 1201 952 ab

190 998 351 1072 exteriore
368 1024 482 1072 rerum
508 1002 663 1092 adspectu
684 1000 725 1070 ad
746 1001 916 1091 superiora
937 1022 1068 1092 semper
1087 1022 1201 1070 seeum

192 1118 294 1200 ducit,
328 1117 457 1187 sedita
485 1126 597 1186 tamen
625 1123 663 1186 ut
693 1118 862 1205 ultimum,
904 1140 1003 1208 quem
1039 1119 1201 1209 sequitur,

191 1232 290 1303 finem
309 1235 405 1325 quasi
424 1236 458 1303 in
480 1235 616 1303 sublimi
638 1235 740 1304 latere
758 1236 856 1319 velit;
878 1234 984 1304 laetior
1006 1236 1035 1305 si
1060 1234 1205 1326 nosipsi

192 1351 325 1442 proprio
341 1352 468 1443 impetu
486 1374 657 1421 summum
673 1352 805 1421 culmen
819 1352 1039 1440 attigerimus,
1056 1355 1157 1443 quim
1176 1351 1205 1422 si

192 1467 264 1557 ipse
281 1480 341 1538 nos
364 1467 525 1539 serviliter
542 1476 664 1537 tractos
684 1469 724 1536 ad
744 1469 950 1560 propositum
972 1490 1079 1559 usque
1102 1469 1207 1558 prori-

192 1585 329 1674 puisset.
345 1564 398 1655 Sic
412 1587 484 1677 ipsa
498 1607 612 1654 rerum
623 1591 752 1665 natura,
770 1608 874 1675 quum
885 1606 1000 1655 causas
1016 1585 1131 1653 finales
1141 1585 1208 1653 dia-

191 1702 306 1771 lectict
324 1704 408 1772 serie
419 1702 624 1793 superponit,
642 1724 813 1771 summum
836 1709 870 1770 et
890 1701 1047 1771 ultimum
1065 1702 1206 1791 gradum

193 1825 313 1887 nostrae
323 1821 429 1909 magis
443 1818 638 1890 divinationi
649 1823 749 1909 quim
760 1819 1027 1909 contemplationi
1037 1818 1205 1909 proponit.

193 1935 230 2004 Ut
241 1941 316 2005 verb
333 1937 369 2004 in
383 1937 531 2006 minimis
541 1942 608 2006 tota
620 1943 731 2023 tamen
743 1942 860 2006 natura
873 1941 934 2018 est,
954 1935 1002 2006 sic
1016 1936 1129 2006 serein
1141 1957 1208 2006 uno

189 2053 309 2144 saepiiis
323 2053 438 2123 libello
451 2060 559 2123 totum
573 2054 739 2123 Platonem
756 2053 912 2145 reperias.

235 2169 303 2238 lloo
317 2174 393 2238 verb
414 2170 509 2238 nobis
531 2192 620 2239 curae
637 2192 708 2240 esse
722 2170 830 2250 debet,
851 2192 905 2249 ne,
924 2191 1030 2260 quum
1045 2169 1210 2261 platonica

194 2291 469 2367 commentamur,
489 2286 524 2354 in
539 2286 665 2378 [primis
686 2285 864 2355 dialecticae
882 2285 1037 2377 gradibus
1054 2285 1211 2357 consista-

195 2425 281 2483 mus,
296 2404 420 2472 nedum
435 2402 587 2472 ultimam
600 2403 772 2494 scriptoris
783 2402 978 2472 sententiam
989 2401 1209 2491 attigerimus.

124 2595 127 2599 ,
197 2520 303 2601 Quod,
320 2528 357 2589 ut
370 2520 499 2589 sineere
517 2520 679 2602 dicamus,
703 2519 818 2588 multis
837 2520 960 2608 Hippiae
973 2519 1211 2611 interpretibus

194 2637 324 2706 accidit.
345 2637 425 2706 llam
441 2636 488 2706 ibi
501 2637 555 2705 vix
573 2637 700 2727 primos
714 2635 836 2725 gradus
853 2634 1000 2722 attigisse
1014 2635 1168 2704 videntur
1181 2642 1213 2704 et

194 2754 303 2824 Astius
318 2760 350 2825 et
360 2755 416 2824 ille
431 2755 518 2823 inter
532 2759 695 2824 nostrates
718 2753 813 2842 cujus
833 2757 999 2835 recentem
1021 2751 1213 2822 etiamnunc

194 2869 346 2960 lugemus
370 2877 524 2954 mortem,
548 2871 586 2939 V.
610 2869 740 2939 Gousin.
766 2868 877 2939 Astius
905 2867 995 2936 enirn
1017 2863 1213 2960 quia'dialo-

195 3009 289 3075 gum,
299 2985 436 3054 minime
448 2987 582 3077 quidem
596 2992 815 3077 compertum,
834 3007 901 3053 non
915 2986 966 3054 sui
981 2986 1142 3054 stomachi
1155 2987 1215 3053 ha-

195 3103 262 3180 bet,
281 3102 376 3171 solito
386 3125 468 3170 usus
482 3103 630 3184 artificio,
647 3102 774 3171 librum
789 3102 923 3170 Platone
940 3101 1115 3190 indignum
1127 3101 1215 3171 ideb-
1330 3171 1333 3185 ,

198 3241 261 3311 que
269 3218 396 3288 Platoni
410 3218 489 3287 falsb
503 3219 668 3288 tributum
684 3218 848 3302 declarat;
867 3217 954 3306 quod
970 3218 1055 3287 etde
1071 3216 1216 3308 Sopbirtd
1320 3220 1324 3229 ’

196 3335 284 3404 etde
305 3335 490 3404 Parmenide
503 3341 536 3404 et
549 3336 589 3404 de
605 3336 719 3405 multis
740 3336 827 3414 aliis
846 3355 975 3412 necnon
986 3333 1215 3424 praestantissi-

198 3453 276 3536 rniS,
295 3452 434 3542 dialogis
461 3452 616 3521 similiter
630 3453 823 3523 dictitavit¹.
851 3452 967 3519 Noster
985 3454 1061 3521 verb
1080 3452 1116 3518 V.
1134 3451 1215 3519 Cou-

199 3571 265 3649 sin,
286 3572 444 3660 quantum
459 3575 491 3637 et
504 3573 604 3659 quim
618 3572 739 3638 trustra
752 3570 787 3637 in
804 3570 867 3636 hoc
879 3566 994 3636 libello'
1006 3567 1214 3648 laboraverit,

199 3687 271 3777 ipse
289 3686 431 3753 maximi
446 3685 633 3754 sinceritate
650 3685 837 3766 confitetur,
859 3689 896 3753 ut
907 3705 978 3784 rem
991 3687 1155 3773 postremo
1168 3683 1217 3751 in-

196 3803 377 3890 judicatam
405 3802 593 3890 relinquere
617 3801 784 3872 maluerit.
811 3800 941 3869 Scilicet
964 3799 1022 3867 ille
1045 3798 1109 3866 sibi
1139 3799 1218 3867 lalsb

202 3923 411 4008 persuaserat
436 3917 472 3985 in
493 3917 546 3987 his
564 3919 694 3988 duobus
715 3917 839 3988 versari
856 3921 964 3985 totum
979 3915 1158 4003 dialogum,
1171 3921 1219 3982 ut

204 4033 480 4104 demonstretur:
504 4033 537 4103 l⁰
560 4035 720 4105 nonnulla
745 4054 817 4104 esse
835 4032 1007 4103 mendacia
1033 4051 1107 4120 quae
1129 4030 1219 4116 justa

237 4290 246 4319 ¹
263 4290 314 4351 Ast,
326 4289 438 4341 Platon’s
448 4289 527 4341 leben
536 4292 589 4342 und
600 4291 737 4358 Schriften,
748 4291 804 4357 457,
818 4291 875 4343 ddi.
