2990 4918
245 543 275 592 36
554 539 694 592 Petronis
711 540 825 593 lllPPllS
842 540 936 597 ttlttttn

244 671 382 739 minime
399 669 564 761 duplicem
578 691 677 738 usum
699 670 854 738 admittit.
873 669 956 747 Quid
972 669 1061 737 enim
1077 690 1155 739 sana
1166 672 1255 740 ‘vale-

242 786 337 870 tudo,
355 784 434 874 quid
456 783 590 869 divitiae,
608 785 687 874 quid
708 785 855 876 corporis
875 785 996 871 forma,
1016 785 1082 854 nisi
1100 786 1255 876 ancipitia

241 900 389 992 'quaedam
414 903 512 981 bona,
535 922 608 988 quae
637 900 802 990 duplicem
822 922 934 986 usum,
959 908 1016 970 aut
1036 903 1176 990 honum,
1199 910 1257 971 aut

242 1019 381 1096 malum,
400 1017 590 1102 admittunt,
608 1016 746 1106 ideoque
764 1026 823 1108 ‘per
838 1039 873 1086 se
887 1017 972 1085 bona
987 1017 1053 1087 dici
1067 1024 1256 1107 nequeunt?

242 1173 284 1186 -
303 1157 320 1200 τ(
336 1135 431 1201 Ταῦτα
445 1136 502 1218 οὖν,
520 1139 585 1221 ἔφη,
609 1142 678 1201 τοτὲ
697 1142 747 1218 μὲν
767 1140 941 1221 ὠφελοῦντα,
956 1141 1024 1202 τοτὲ
1038 1141 1069 1202 δὲ
1083 1124 1254 1221 βλάπτοντα,

239 1257 390 1334 ripaltae
406 1256 529 1337 aiaton
545 1258 621 1317 κακά
641 1257 728 1335 terrm
749 1287 790 1299 —
807 1256 895 1318 Οὐδὲν
910 1256 949 1334 μὰ
970 1257 1022 1317 Δία
1041 1257 1164 1338 φαίνεται
1185 1259 1258 1320 κατά
1282 1322 1286 1331 ‚

239 1394 273 1451 γε
289 1377 384 1434 τοῦτον
397 1371 443 1434 τὸν
458 1367 573 1452 λόγον’.
594 1391 610 1430 ))
637 1404 679 1416 -
698 1366 766 1432 lmt')
789 1369 865 1434 veri)
888 1365 986 1434 etiam
1005 1387 1078 1454 quae
1101 1366 1187 1435 inter
1211 1367 1258 1435 di·

238 1503 333 1552 versa
347 1483 433 1550 hona
447 1482 529 1550 saeta
540 1487 590 1549 est
601 1480 779 1568 distinctio,
794 1481 910 1550 eadem
931 1482 1018 1551 inter
1039 1482 1185 1552 diversas
1203 1504 1256 1552 co-

238 1597 400 1686 gnitiones
413 1606 445 1667 et
457 1597 647 1688 disciplinas
665 1580 779 1666 haberi
794 1596 891 1666 debet
907 1624 914 1663 :
933 1618 1153 1689 quaecumque
1166 1599 1256 1668 enim

237 1713 377 1805 cognitio
393 1715 433 1782 ad
453 1715 578 1783 honum
594 1714 752 1805 quiddam
767 1714 969 1804 particulare
985 1722 1123 1804 spectat,
1139 1738 1177 1785 ea
1190 1737 1257 1784 non

237 1829 385 1898 absoluto
405 1831 503 1898 verbo
523 1830 659 1898 scientia
686 1830 737 1899 vel
761 1829 922 1920 sapientia
950 1830 1193 1911 nominabitur;
1220 1837 1258 1900 ut
1323 1856 1326 1861 ·

237 1966 310 2034 quae
335 1944 503 2034 duplicem
526 1945 636 2013 adhuc
659 1949 712 2013 sul
733 1967 833 2014 usum
857 1946 1020 2030 admittat,
1040 1955 1097 2016 aut
1115 1949 1255 2033 bonurn,

237 2068 294 2128 aut
319 2061 455 2128 malum.
484 2060 576 2136 Quod
594 2081 659 2127 non
683 2061 719 2128 in
740 2061 871 2130 Platone
890 2065 1032 2148 tantum,
1055 2063 1164 2132 sedin
1184 2061 1257 2152 ipso
1283 2117 1288 2123 .

235 2175 456 2266 Xenophontis
470 2176 541 2245 loco
562 2198 661 2264 quem
678 2184 871 2259 tractamus,
887 2179 997 2248 statim
1014 2179 1169 2268 adjicitur
1187 2201 1194 2242 :
1215 2217 1256 2229 -

237 2317 255 2355 d
269 2291 476 2379 Ἀλλ’ἦγέτοι
487 2300 580 2381 σοφία,
597 2296 788 2383 ὦΣώκρατες,
800 2276 1045 2383 &capparonem
1051 2303 1156 2381 ἀγαθόν
1169 2300 1253 2363 ἐστιν.

233 2415 318 2476 Ποῖον
330 2415 386 2496 γὰρ
394 2413 427 2476 ἄν
433 2437 475 2488 τις
484 2416 638 2497 πρᾶγμτού
648 2417 759 2493 βέλτιον
765 2419 880 2500 πράττοι
890 2419 973 2499 σοφὸς
981 2423 1020 2480 ὢν
1029 2421 1048 2495 ἢ
1056 2417 1168 2497 ἀμαθής
1177 2440 1185 2497 ;
1193 2435 1256 2477 »-

233 2522 361 2601 Quibus
377 2527 551 2614 respondet
565 2526 712 2596 Socrates
726 2535 759 2596 et
771 2508 899 2597 Daedalo
913 2534 1024 2598 tamen
1042 2535 1076 2596 et
1087 2527 1256 2596 Palamedi

203 2671 212 2689 ·
235 2637 418 2707 doctrinam
434 2641 538 2728 illam,
551 2646 615 2731 qua
631 2643 813 2734 pollebant,
833 2644 921 2713 malo
939 2645 1054 2715 fuisse.
1070 2644 1256 2713 Mirandum

234 2759 309 2826 vert
324 2756 411 2846 qudd
423 2756 618 2848 interpretes
628 2780 695 2827 non
706 2759 912 2829 viderinthic
925 2783 1111 2830 nonveram
1128 2761 1258 2850 sapien-

233 2871 326 2957 tiam,
338 2872 373 2940 id
386 2878 436 2940 est
443 2873 565 2943 summi
578 2875 657 2942 boni
670 2875 857 2957 scientiam,
871 2875 1063 2964 significari,
1076 2877 1133 2946 sed
1147 2877 1255 2946 varias

233 2989 309 3056 illas
326 2993 359 3057 et
367 2989 584 3077 particulares
600 2989 806 3079 disciplinas,
823 3013 897 3081 quae
914 2993 986 3061 aliae
1010 2993 1051 3061 ad
1072 2992 1136 3061 alia
1154 2994 1255 3083 perti-

234 3109 325 3187 nent,
347 3110 379 3172 et
390 3105 487 3172 modo
502 3105 615 3190 utiles,
635 3107 733 3175 modo
743 3107 883 3176 funestae
898 3129 972 3176 esse
991 3116 1142 3197 possunt,
1158 3116 1258 3201 prout

236 3218 406 3309 superiore
420 3222 565 3310 quddam
577 3222 713 3292 scientia
723 3223 764 3289 ad
780 3244 950 3293 summum
968 3225 1094 3295 honum
1109 3225 1256 3315 dirigun-

235 3340 291 3402 tur
305 3344 361 3405 aut
384 3355 452 3405 non
472 3337 674 3427 diriguntur.
699 3338 807 3408 Simili
827 3344 963 3432 prorsds
979 3341 1107 3411 ratione
1126 3343 1161 3411 in
1184 3344 1255 3411 Pla-

235 3450 322 3521 tonis
332 3452 523 3542 llothpdemo
540 3455 733 3524 dividuntur
747 3456 932 3548 disciplinae
946 3466 978 3527 et
996 3465 1098 3545 artes,
1114 3474 1254 3561 quarum

234 3567 307 3638 aliae
326 3591 393 3637 non
416 3570 513 3638 modd
534 3570 660 3661 aliquid
678 3574 873 3664 producere,
897 3577 956 3644 sed
974 3597 1011 3644 re
1025 3577 1184 3667 producta
1205 3574 1255 3643 uti

234 3682 363 3766 valent,
384 3684 590 3775 alienatam,
601 3691 688 3778 quod
704 3690 829 3778 sciunt,
841 3691 1070 3761 usuadhibere
1082 3692 1250 3771 nesciunt;

235 3807 273 3869 ut
290 3801 348 3890 qui
363 3802 471 3892 lyram
484 3804 618 3893 quidem
632 3805 768 3897 lingere,
791 3807 868 3877 fieta
883 3813 958 3878 verd
973 3808 1022 3877 uti
1038 3807 1152 3890 nescit,
1167 3807 1254 3876 feras

234 3916 383 3986 amando
397 3926 538 4009 captare,
555 3923 661 4012 captis
672 3930 783 3993 autem
802 3925 852 3993 uti
863 3925 977 3995 nescit.
995 3924 1047 3993 Sic
1061 3925 1252 4013 geometria,

235 4052 290 4100 ars
301 4032 443 4122 politica,
461 4044 493 4107 et
510 4040 623 4109 multae
637 4040 737 4123 etiam
751 4040 944 4131 disciplinae,
961 4041 1101 4132 pulchra
1119 4040 1252 4131 quidem

266 4296 276 4328 ¹
293 4299 376 4363 nm,
392 4298 430 4364 rr,
442 4315 468 4362 ιι,
482 4301 523 4353 aa.
