2990 4918
295 494 327 546 58
460 555 463 565 .
538 490 542 499 ⁴
607 494 746 545 amnonis
760 493 877 545 nerins
888 492 986 544 lllrton

341 622 379 690 ll.
402 623 553 693 llinorem
574 620 719 708 Hippiam
740 620 775 688 in
803 619 1017 710 Metaphpsa'ca'o
1042 620 1092 709 (V,
1104 618 1159 709 50)
1174 620 1219 689 ita
1229 643 1307 690 cou-

295 739 380 806 iutat
399 737 602 815 Aristoteles,
626 741 665 802 ut
687 735 882 804 socraticam
904 728 1221 823 argumentationem
1247 759 1307 826 pro

295 855 393 942 serit,
412 875 479 921 non
500 873 560 942 pro
577 852 756 921 dialecticis
769 852 867 941 jocis,
893 851 1024 922 haheat.
1043 851 1170 922 Etenim
1182 853 1306 922 Socrati

181 955 185 965 ¹
293 970 483 1057 Platonique
503 969 538 1035 id
556 989 662 1037 unum
686 969 807 1038 falsum
824 966 997 1038 videbatur
1016 969 1105 1058 quod
1122 990 1182 1059 per
1208 971 1308 1060 hypo-
1344 1001 1347 1013 ·

295 1086 414 1154 thesim
436 1091 626 1175 posuerant,
648 1106 768 1175 nempe
780 1084 965 1153 voluntaria
984 1084 1046 1153 ista
1069 1084 1192 1175 injuria
1207 1108 1306 1176 quam

290 1201 428 1291 llippias
451 1222 522 1270 esse
544 1202 708 1270 censebat.
741 1203 962 1290 Quaecumque
988 1205 1065 1275 perd
1079 1220 1119 1271 ex
1134 1201 1307 1301 illa-quasi

296 1318 478 1411 syllogismi
497 1318 623 1406 majore
637 1337 696 1407 per
707 1315 911 1386 dialecticam
927 1316 1143 1403 deducebant,
1162 1338 1203 1421 ea!
1222 1319 1306 1386 serii

296 1434 578 1524 argumentatione
601 1433 752 1527 colligere
775 1432 976 1529 nitebantur.
1000 1433 1175 1523 Principiis
1195 1440 1305 1541 autem

294 1549 462 1639 neglectis,
492 1549 599 1639 ipsam
625 1549 944 1639 argumentationem
969 1549 1123 1640 ipsosque
1158 1545 1306 1640 syllogis-

292 1688 364 1735 mos
383 1666 595 1757 reprehendit
612 1665 811 1751 Aristoteles,
828 1672 861 1735 et
873 1666 993 1735 vitium
1007 1666 1111 1735 totius
1128 1665 1304 1735 dialecticae

292 1782 327 1850 in
342 1774 451 1854 lueeni
466 1784 596 1852 trahere
611 1787 729 1852 tentat.
747 1822 789 1834 -
811 1806 828 1847 ι(
843 1772 1057 1871 ἈνθριιτοςΙδὲ
1075 1789 1178 1869 ψευδὴς
1191 1789 1208 1850 δ
1223 1789 1306 1872 εὐχε-

290 1907 341 1989 ρὴς
357 1906 405 1967 ιιοιὶ
414 1906 608 1990 προαιρετικὸς
620 1913 676 1969 τῶν
689 1907 819 1968 τοιούτων
833 1905 943 1986 λόγων,
963 1906 1001 1984 μὴ
1017 1897 1055 1968 δι’
1069 1907 1163 1989 ἕτερον
1184 1927 1210 1968 τι
1225 1906 1306 1968 ἀλλά

206 2096 209 2101 J
290 2015 328 2083 δι’
342 2022 408 2083 αὐτὸ
423 2039 431 2082 :
447 2015 550 2083 Homo
565 2016 769 2095 verulanus,
786 2015 1025 2105 quipromptus
1038 2015 1120 2084 tales
1130 2014 1222 2103 eligit
1232 2032 1305 2083 ora-

291 2133 399 2201 tiones
421 2131 559 2220 [scilicet
576 2132 703 2220 falsasl‘,
721 2152 787 2198 non
806 2136 939 2221 propter
960 2130 1087 2220 aliquid
1113 2131 1217 2213 aliud,
1247 2131 1305 2201 sed

291 2255 427 2338 propter
440 2247 593 2336 idipsum
614 2246 756 2336 [falsum]
768 2249 791 2313 ¹.
811 2272 828 2311 a
849 2284 890 2300 -
907 2247 979 2314 lani
997 2267 1016 2315 a
1041 2246 1205 2338 principio
1220 2246 1304 2347 libe-

292 2386 363 2432 ram
373 2363 494 2432 mentis
508 2363 718 2459 electionem,
725 2370 775 2454 τὴν
784 2370 952 2452 προαιρεσιν,
965 2362 1153 2433 invenimus
1164 2387 1172 2431 ε
1185 2364 1305 2453 quaerit

292 2480 381 2549 enim
411 2480 603 2549 Aristoteles
628 2460 715 2569 quid
732 2489 805 2566 apat
823 2481 921 2549 homo
947 2480 1099 2574 mendax,
1127 2501 1195 2548 non
1222 2481 1305 2568 quid

288 2599 408 2684 possim
431 2617 471 2664 ex
491 2595 692 2682 differentia,
709 2615 776 2663 non
799 2615 978 2683 exgenere
999 2594 1222 2664 definitionem
1243 2597 1304 2666 du·

292 2697 349 2782 citss
362 2712 494 2780 Necnon
509 2710 611 2780 simul
627 2708 820 2781 mendacem
828 2711 998 2781 hominem
1014 2712 1193 2781 mentiendi
1206 2715 1303 2782 causi

292 2827 426 2896 mentiri
457 2827 605 2918 falsaque
621 2833 755 2918 propter
774 2826 857 2894 falsa
881 2827 1003 2915 eligere
1025 2827 1207 2908 contendil;
1233 2829 1305 2917 qui·

292 2943 356 3011 bus
383 2943 531 3011 Socrates
551 2942 681 3010 fortiter
705 2943 962 3033 repugnavisset,
988 2942 1043 3010 cui
1062 2944 1149 3012 mala
1170 2950 1305 3035 propter

292 3058 391 3139 mala,
408 3059 488 3127 salsa
502 3064 637 3147 propter
650 3057 732 3126 falsa
749 3057 827 3146 eligi
849 3057 1034 3152 absurdum
1055 3059 1153 3148 plane
1173 3061 1304 3130 videba-

291 3180 358 3242 tur.
375 3213 420 3224 -
435 3200 452 3239 u
470 3179 593 3243 ...licii
606 3180 708 3252 ἄλλοις
722 3181 900 3258 ἐμποιητικὸς
912 3186 967 3243 τῶν
979 3181 1108 3244 τοιούτων
1122 3183 1231 3264 λόγων,
1248 3186 1305 3246 ric-

290 3320 344 3380 περ
359 3297 453 3360 καὶτὰ
469 3299 620 3379 πράγματά
637 3318 726 3378 φαμεν
744 3298 831 3377 ψευδῆ
855 3291 935 3375 εἶναι,
958 3299 1010 3361 ὅσοι
1027 3298 1140 3376 ἐμποιεῖ
1157 3301 1305 3382 φαντασίαν

290 3414 390 3492 ψευδῆ.
417 3414 463 3474 Διὸ
479 3413 494 3474 ὁ
509 3414 538 3475 ἐν
562 3418 603 3494 τῷ
619 3406 715 3493 ‘laaiap
732 3413 821 3494 λόγος
840 3416 1043 3495 παρακρούεται
1059 3415 1099 3487 ὡς
1114 3414 1224 3488 taceae
1236 3420 1304 3496 ψευ-

290 3528 342 3608 δὴς
353 3527 400 3590 ιιοιὶ
417 3529 539 3608 ἀληθής.
556 3530 609 3591 Τὸν
627 3530 775 3606 δυνάμενον
795 3531 850 3611 γὰρ
872 3531 1022 3610 ψεύσασθαι
1043 3512 1302 3613 neocaesarea,

253 3648 257 3657 ’
291 3640 407 3717 οὔτοςδ’
423 3645 438 3706 ὁ
452 3643 532 3718 εἰδὼς
547 3644 595 3707 καὶ
614 3646 629 3707 ὁ
649 3642 807 3726 apameae.
829 3663 847 3701 ι)
867 3677 909 3689 -
926 3638 1074 3708 Socrates
1096 3641 1184 3709 enim
1199 3662 1238 3709 ex
1248 3662 1306 3730 po-

218 3740 230 3761 ⁴
291 3753 395 3821 tentia
409 3759 442 3822 et
456 3775 588 3844 genere,
608 3776 674 3823 non
694 3774 733 3822 ex
746 3761 822 3822 actu
838 3762 871 3822 et
885 3754 1084 3839 differentia,
1103 3757 1226 3826 salsum
1248 3758 1305 3825 ho-

292 3870 419 3937 minem
434 3871 629 3949 definiebat;
647 3870 733 3982 quod
754 3876 950 3960 perpetuum
967 3872 1133 3941 socraticae
1150 3879 1183 3942 et
1203 3874 1306 3963 plato-

291 3986 375 4055 nicae
395 3986 582 4057 dialectices
606 3986 725 4057 vitium
746 3986 913 4057 Aristoteli
939 3982 1080 4058 videtur.
1107 3978 1304 4081 Necltamen

323 4181 333 4212 ¹
350 4180 419 4240 Mea,
431 4181 468 4244 tt,
481 4196 545 4232 xxix.

259 4338 262 4369 ι
323 4258 335 4290 ¹
350 4259 414 4311 leia.
