2990 4918
242 544 273 594 ao
543 518 697 592 'runroms
716 540 831 590 nrrrrls
849 539 941 589 nmon

240 672 315 735 verat
340 668 420 735 tales
446 667 595 734 homines
621 666 853 756 reperiuntur?
869 665 959 742 Quod
980 665 1007 732 si
1030 665 1254 754 reperiuntur,

241 806 323 852 num
339 787 414 852 vert
426 782 512 850 docti
528 782 756 871 sapientesque
769 782 868 850 sunt?
884 782 970 848 Num
982 780 1083 848 iidem
1100 803 1139 849 ex
1155 780 1256 849 altera

241 905 333 989 parte
355 903 408 966 sui
421 904 588 986 compotes
605 876 683 965 sdnt
703 903 736 964 et
755 896 863 974 liberi,
885 903 1047 984 ἐγκρατεῖς,
1071 895 1115 963 ita
1139 901 1176 963 ut
1197 898 1255 989 sud

241 1015 408 1082 voluntate
431 1013 600 1103 potiantur
619 1020 652 1080 et
679 1012 741 1080 sihi
760 1011 884 1100 agendo
910 1010 1096 1101 imperent?
1123 1049 1164 1062 -
1188 1011 1256 1088 Qua

240 1129 494 1218 interrogatione
526 1149 660 1218 pressus
688 1133 725 1195 ed
762 1118 923 1215 redigitur
951 1126 1111 1212 Socrates,
1137 1130 1175 1194 ut
1200 1132 1257 1194 aut

239 1266 299 1314 sua
317 1245 388 1334 ipse
407 1244 524 1334 placita
538 1245 690 1334 repudiet
703 1249 735 1312 et
752 1244 906 1311 humanae
921 1243 1081 1310 voluntati
1103 1241 1168 1309 rim
1184 1263 1257 1330 pro·

239 1336 510 1453 priam'lateatur
532 1361 638 1429 inesse
658 1384 730 1450 quae
750 1360 814 1449 ipsi
842 1360 980 1428 rationis
1011 1359 1147 1448 imperio
1177 1358 1258 1427 resi·

239 1487 325 1546 stere
339 1477 456 1566 possit,
469 1483 525 1544 aut
535 1476 652 1545 salsam
662 1476 760 1544 istam
776 1497 850 1565 quae
859 1476 955 1564 rulgd
967 1476 1111 1565 jactatur
1124 1474 1256 1543 liberta·
1279 1490 1284 1495 ’

239 1599 306 1661 tem
333 1597 399 1661 una
419 1615 495 1661 cum
520 1594 602 1660 falsa
617 1593 674 1660 illa
688 1599 719 1660 et
734 1592 833 1661 inerti
849 1591 984 1661 scientia
999 1592 1184 1680 expressius
1200 1610 1257 1658 ne·

238 1712 343 1800 gando
365 1711 486 1800 ejiciat,
508 1712 692 1800 rursdsque
714 1704 826 1779 reram
847 1718 958 1798 οοφίαν
980 1710 1019 1776 ad
1041 1709 1130 1777 idem
1149 1707 1257 1783 redire

239 1849 315 1895 cum
336 1831 412 1895 vera
439 1835 637 1918 σωφροσύνῃ
658 1832 716 1894 aut
737 1832 922 1914 ἐγάφατείφ
941 1824 1069 1894 lortitcr
1082 1828 1254 1892 assereret.

236 1943 344 2022 Quum
358 1948 445 2021 vcro,
459 1950 539 2012 teste
555 1944 653 2011 etiam
666 1944 890 2032 Xenophonte,
909 1964 947 2008 ex
967 1942 1096 2011 duobus
1114 1926 1256 2009 alterum
1330 1942 1332 1949 “

235 2039 384 2128 Socrates
406 2058 537 2148 optione
562 2059 708 2148 elegerit,
738 2059 812 2155 quis
844 2059 912 2146 jam
948 2058 1120 2126 contendet
1152 2055 1257 2123 ambi-

237 2199 336 2266 guam
362 2183 394 2246 et
409 2177 504 2267 quasi
520 2176 716 2266 implicitam
732 2196 793 2244 neo
807 2174 886 2242 satis
902 2176 954 2242 sui
971 2173 1136 2242 consciam
1151 2170 1257 2239 luisse

183 2292 188 2303 ’
238 2293 380 2362 Socratis
400 2293 664 2384 philosophiam?
688 2293 754 2360 Hoc
775 2291 863 2360 enim
886 2290 933 2359 ihi
961 2291 1104 2358 manime
1127 2286 1258 2377 conspi·
1329 2354 1331 2361 ,

238 2432 340 2490 cuum
365 2416 398 2478 et
417 2410 588 2499 notatione
612 2409 764 2497 dignum,
794 2408 881 2497 quod
909 2412 1021 2475 noster
1044 2426 1100 2475 eos
1119 2404 1257 2495 reperiri

238 2534 348 2616 negat,
371 2512 486 2615 quales
510 2526 608 2594 modo
630 2525 854 2613 tingebantur,
877 2523 934 2613 qui
961 2523 1098 2591 meliora
1123 2521 1256 2611 quidem

237 2643 366 2710 videant
391 2653 423 2711 et
451 2643 603 2733 probent,
635 2642 795 2711 deteriora
826 2645 938 2709 autem
968 2646 1169 2727 sequantur;
1198 2635 1256 2704 sed

236 2758 324 2827 docti
344 2758 395 2826 illi
410 2759 467 2848 qui
486 2760 681 2845 creduntur,
704 2759 823 2848 suique
841 2756 970 2825 arbitrii
993 2761 1152 2846 potentes,
1178 2752 1268 2819 nihil·

237 2896 347 2963 reapse
366 2878 465 2962 mugio
485 2885 558 2944 aaut
582 2881 673 2964 quom
695 2878 814 2944 indocti
843 2884 935 2963 atque
962 2878 1146 2961 impotentes
1173 2896 1183 2934 :
1211 2908 1255 2919 -

239 3016 256 3053 o
268 2996 355 3058 Οὐδέν
369 3018 404 3077 γε
423 2998 549 3076 μᾶλλον,
568 2997 662 3079 {pagii
678 2997 795 3077 ἀσόφους
805 3020 837 3058 τε
853 2995 900 3058 καὶ
915 2996 1057 3077 ἀκρατεῖς.
1075 2995 1185 3064 Πάντας
1197 2992 1253 3072 γὰρ

237 3108 315 3190 οἶμαι
333 3115 568 3195 προαιρουμένους
583 3113 617 3174 ἐκ
633 3119 688 3174 τῶν
705 3114 894 3194 ἐνδεχομένων
913 3110 1044 3172 detonat
1056 3110 1255 3189 συμφορώτατα

237 3226 331 3299 αὐτοῖς
346 3222 426 3309 εἶναι,
440 3233 526 3291 ταῦτα
540 3230 681 3310 πράττειν.
697 3229 809 3306 Νομίζω
826 3224 872 3289 οὖν
884 3226 947 3298 τοὺς
961 3226 999 3304 μὴ
1010 3226 1101 3307 ὀρθῶς
1116 3196 1258 3306 πράττονν
1295 3218 1299 3229 ’

236 3366 286 3416 τας
295 3343 358 3406 οὔτε
371 3345 469 3425 σοροὺς
484 3342 546 3408 οὔτε
561 3348 702 3427 σώφρονας
723 3340 809 3406 εἶναι.
829 3363 845 3401 υ
864 3376 908 3387 -
929 3335 981 3403 Sic
1000 3337 1117 3404 rurst'ls
1141 3333 1251 3402 omnia

237 3450 345 3540 rigido
357 3453 565 3523 deductionis
578 3454 711 3523 vinculo
726 3454 902 3523 cohaerent.
913 3451 1072 3540 ,Quamvis
1083 3450 1174 3519 enim
1187 3448 1254 3518 duo

237 3568 309 3637 lieri
329 3570 457 3658 possint
470 3573 700 3658 (ἐνδεχομένων),
716 3571 804 3660 quod
819 3570 859 3638 ad
875 3568 1046 3663 physicam
1062 3565 1180 3655 agendi
1196 3586 1255 3655 po-

153 3682 157 3691 “
236 3691 389 3755 testatem
405 3687 547 3778 pertinet
562 3687 666 3779 (verbi
676 3687 779 3775 gratia
797 3686 930 3780 mentiri
941 3692 1073 3755 autnon
1087 3682 1252 3767 mentiri),

236 3809 360 3891 tamen,
377 3805 405 3872 si
424 3806 463 3872 ad
479 3813 605 3894 partem
626 3809 733 3874 nostri
753 3804 912 3873 moralem
933 3811 1130 3892 spectemus
1148 3821 1254 3868 unum

237 3921 546 3991 tantummoddlieri
565 3929 685 4012 potest,
705 3941 876 4008 unumque
894 3919 934 3986 ab
955 3916 1109 3989 omnibus
1125 3937 1255 4005 semper

240 4039 367 4127 (πάντας)
398 4037 572 4126 praesertur
599 4035 873 4128 (προαιρουμένους),
900 4036 989 4124 quod
1018 4033 1143 4102 scilicet
1171 4030 1254 4121 opti·

240 4173 332 4220 mum
350 4173 421 4221 esse
441 4160 556 4242 putant
573 4155 715 4244 (οἴονται).
741 4152 800 4218 Illa
822 4149 925 4238 igitur
949 4156 1147 4239 προαίρεσις
1169 4144 1254 4213 nihil

238 4274 286 4336 est
312 4268 374 4336 nisi
406 4270 616 4361 omnipotens
642 4270 724 4339 ratio
748 4268 812 4338 alia
834 4266 907 4335 aliis
931 4265 1101 4335 dialectico
1125 4261 1253 4353 judicio
