2990 4918
239 519 301 570 SIVE
314 519 475 572 secernet
488 518 599 573 CONTRA
613 521 742 573 hlBERUll
755 522 1112 580 sentementneununrt.
1134 563 1138 572 .
1154 526 1187 577 2⁹

222 647 419 737 Quodquim
427 653 516 718 recte
525 650 782 739 interpretemur
789 651 920 740 planilrs
930 651 1065 741 patebit,
1077 651 1106 720 si
1113 652 1187 741 liip-

174 767 234 859 pie
241 765 438 852 procamium
449 786 488 834 ex
501 765 638 833 Homero
650 767 788 835 ductum
800 769 1099 857 comparaverimus
1109 789 1184 836 curn

176 882 302 971 poetica
318 881 375 949 illa
391 883 500 951 fabula
524 902 622 971 quam
636 884 825 970 Protagoras
840 882 875 951 in
890 883 1008 973 dialogi
1023 883 1186 953 notissimi
1228 940 1231 956 .

176 998 337 1089 principio
358 1005 500 1106 enarrat.
523 999 600 1077 Quae
614 999 746 1090 quidem
769 999 878 1067 fabula
896 1000 1068 1069 nonnullis
1086 1001 1187 1069 inter-

22 1166 24 1213 ,
93 1167 97 1173 .
175 1115 325 1205 pretibus
335 1121 368 1183 et
383 1116 455 1205 ipsa
468 1116 504 1183 in
519 1116 647 1205 dialogo
665 1116 793 1184 inutilis
808 1117 878 1183 visa
892 1122 952 1186 est.
967 1117 1080 1207 Neque
1094 1117 1184 1186 enim

175 1233 333 1302 hactenns
350 1252 447 1300 verus
464 1233 535 1321 ejus
557 1232 677 1300 labulae
697 1254 814 1301 sensus
835 1233 939 1321 magis
955 1244 1108 1323 repertus
1121 1242 1183 1314 est,

172 1349 274 1435 quam
286 1369 361 1417 vera
375 1356 408 1416 et
418 1348 646 1438 philosophica
660 1369 817 1417 uersuum
832 1349 867 1416 in
880 1349 994 1437 Hippio
1006 1350 1185 1419 relatorum

174 1462 409 1552 interpretatio.
426 1464 554 1534 Scilicet
569 1465 606 1532 in
620 1466 805 1553 Protagora,
824 1465 881 1533 ubi
901 1466 941 1534 de
960 1448 1064 1534 libero
1086 1467 1185 1535 etiam

175 1579 307 1649 arbitrio
330 1589 363 1649 et
378 1582 418 1648 de
439 1581 555 1648 intima
574 1582 704 1649 virtutis
727 1602 764 1649 ac
779 1581 936 1650 doctrinm
951 1583 1186 1652 communione

173 1696 317 1784 plurima
327 1698 548 1777 disseruntur,
567 1703 680 1765 narrat
692 1697 852 1788 sophista,
868 1719 973 1787 quum
989 1704 1120 1789 tempus
1133 1721 1186 1768 ve·

173 1813 289 1894 nisset,
309 1836 374 1902 quo
398 1835 438 1881 ex
456 1815 600 1883 latorum
614 1814 730 1882 ordine
746 1814 835 1882 varia
848 1814 1045 1883 animalium
1063 1835 1183 1903 genera

173 1928 338 1997 etelluris
352 1930 478 2019 gremio
504 1930 538 1998 in
562 1931 641 1999 solis
662 1931 770 1998 lucem
791 1930 973 2033 proclinent,
993 1931 1184 2022 Epimetheo
1283 1912 1287 1919 ¹

173 2053 203 2115 et
214 2034 410 2115 Prometheo
423 2048 483 2115 hoc
498 2048 649 2116 muneris
663 2048 759 2116 alliis
770 2048 963 2117 mandatum
978 2069 1051 2116 esse
1067 2054 1105 2116 ut
1117 2049 1184 2117 sin·

172 2161 256 2250 gulis
270 2163 355 2231 rires
377 2163 616 2252 facultatesque
630 2165 779 2254 proprias
796 2165 989 2232 tribuerent.
1012 2164 1093 2232 Rem
1109 2168 1183 2232 vem

171 2277 361 2347 Prometheo
381 2279 513 2347 absente
528 2280 666 2369 suscipit
678 2281 891 2369 Epimetheus
905 2286 1002 2370 atque
1022 2280 1066 2349 ita
1079 2280 1183 2348 admi-

173 2393 300 2493 nistrat,
325 2401 363 2462 ut
390 2395 500 2464 omnia
528 2395 645 2465 ceteris
666 2397 867 2465 animalibus
896 2390 982 2464 dona
1006 2396 1180 2484 largiatur,

173 2509 312 2598 singulis
334 2532 374 2579 ex
397 2517 544 2600 tempore
567 2511 754 2600 invigilans,
776 2516 906 2601 peracte
925 2516 1001 2578 verb
1019 2511 1179 2579 distribu-

120 2698 123 2704 ,
171 2625 271 2713 lione,
286 2626 551 2718 nihilreliquum
564 2620 746 2717 videatque
757 2648 862 2715 genus
878 2627 1051 2694 hominum
1063 2647 1182 2695 ornare

169 2742 281 2832 possit.
304 2743 388 2813 llum
407 2743 503 2834 inops
519 2744 649 2813 consilii
666 2745 780 2824 haeret,
807 2742 888 2835 quid
909 2741 1097 2811 laciendum
1123 2741 1177 2821 sit,

168 2857 380 2929 Prometheus
396 2862 562 2930 coelestem
577 2860 686 2950 ignem
698 2859 765 2928 Diis
782 2858 922 2948 subripit
934 2864 972 2927 nt
987 2857 1179 2928 hominihus

169 2974 346 3065 impertiat.
368 2976 573 3067 improvidus
589 2981 665 3047 verb
683 2976 740 3044 ille
754 2975 978 3068 Epimetheus,
994 2976 1050 3066 qui
1067 2974 1179 3045 omnia

167 3110 207 3158 er
219 3097 378 3180 ternpore,
404 3114 467 3161 non
491 3094 626 3182 provide
639 3094 890 3162 administrabat
905 3095 1099 3181 (Ἐπιμηθεὺς,
1118 3098 1172 3160 ἐπι·

167 3209 359 3296 proctector),
371 3231 470 3299 quam
482 3211 518 3277 in
528 3211 640 3280 tabula
649 3232 825 3301 personam
834 3231 948 3299 gerere
958 3209 1100 3293 videtur,
1113 3207 1178 3276 nisi

165 3322 311 3417 fortuitae
325 3325 416 3392 illius
430 3325 560 3395 virtutis
584 3328 737 3415 (εὐτυχίας)
763 3348 836 3416 quae
857 3348 897 3394 en
916 3329 1040 3393 temera
1062 3345 1180 3394 mune·

147 3461 237 3508 xrum
262 3440 436 3531 largitione
458 3448 515 3510 aut
534 3464 573 3510 ex
591 3442 796 3533 imprudenti
818 3443 973 3534 opinione
993 3441 1178 3531 contingit?

162 3556 347 3626 Promethei
365 3565 476 3627 autem
500 3580 636 3647 persona
656 3560 742 3627 nihil
768 3559 858 3628 aliud
882 3568 932 3626 est
951 3562 1049 3648 quam
1069 3558 1176 3649 provi·

163 3673 273 3742 dentis
285 3683 316 3743 et
332 3674 481 3759 seientia,
497 3696 537 3742 ex
551 3682 616 3764 qua
630 3680 694 3743 unt
713 3682 784 3743 tuta
797 3684 828 3744 ct
844 3674 948 3745 solida
965 3676 1070 3744 virtus
1090 3697 1175 3743 sern-

162 3810 286 3879 perque
310 3791 373 3859 sibi
394 3796 549 3859 constans
576 3791 735 3880 gignitur.
767 3793 979 3883 Epimetheus
1006 3791 1114 3869 enim,
1137 3796 1175 3859 ut

55 3920 59 3931 ’
161 3907 248 3997 apud
262 3907 437 3975 Homerum
452 3908 607 3990 Achilles,
626 3911 800 4000 praesentia
816 3912 945 3977 tantdm
968 3905 1085 3996 aspicit
1099 3906 1175 3993 (ἑπι-

161 4026 276 4112 μηθεύς)
294 4031 325 4092 et
338 4044 469 4114 semper
484 4026 593 4094 subito
604 4027 725 4095 mentis
738 4025 895 4094 instinctu
910 4025 1053 4114 rapitnr;
1070 4041 1173 4112 quare

160 4140 269 4222 omnia
279 4139 374 4209 modb
386 4141 482 4225 bene,
495 4143 591 4210 modd
608 4142 706 4228 male,
720 4141 942 4210 administrat.
958 4137 1173 4207 Prometheus

160 4260 248 4337 verb,
265 4263 303 4325 ut
318 4259 413 4326 mode
431 4259 569 4349 Ulysses,
589 4259 701 4328 lutura
716 4257 876 4348 prospicit
891 4254 1102 4349 (apo-potede),
1124 4261 1173 4324 at·
