<?xml version="1.0" encoding="UTF-8"?>
<!DOCTYPE html PUBLIC "-//W3C//DTD XHTML 1.0 Transitional//EN"
    "http://www.w3.org/TR/xhtml1/DTD/xhtml1-transitional.dtd">
<html xmlns="http://www.w3.org/1999/xhtml" xml:lang="en" lang="en">
 <head>
  <title>
</title>
<meta http-equiv="Content-Type" content="text/html;charset=utf-8" />
  <meta name='ocr-system' content='tesseract 3.04.00' />
  <meta name='ocr-capabilities' content='ocr_page ocr_carea ocr_par ocr_line ocrx_word'/>
</head>
<body>
  <div class='ocr_page' id='page_1' title='image "./platonishippias00fouigoog_0056.png"; bbox 0 0 2990 4918; ppageno 0'>
   <div class='ocr_carea' id='block_1_1' title="bbox 301 480 1090 552">
    <p class='ocr_par' dir='ltr' id='par_1_1' title="bbox 301 480 1090 552">
     <span class='ocr_line' id='line_1_1' title="bbox 301 480 1090 552; baseline -0.006 -1"><span class='ocrx_word' id='word_1_1' title='bbox 301 501 333 552; x_wconf 77' lang='lat' dir='ltr'>n</span> <span class='ocrx_word' id='word_1_2' title='bbox 612 494 750 548; x_wconf 78' lang='lat' dir='ltr'>rtnroms</span> <span class='ocrx_word' id='word_1_3' title='bbox 766 480 883 547; x_wconf 79' lang='lat' dir='ltr'>nrirrns</span> <span class='ocrx_word' id='word_1_4' title='bbox 899 495 992 546; x_wconf 79' lang='lat' dir='ltr'>naon</span> <span class='ocrx_word' id='word_1_5' title='bbox 1086 518 1090 529; x_wconf 90' lang='lat'>·</span> 
     </span>
    </p>
   </div>
   <div class='ocr_carea' id='block_1_2' title="bbox 263 606 1316 1881">
    <p class='ocr_par' dir='ltr' id='par_1_2' title="bbox 301 606 1315 834">
     <span class='ocr_line' id='line_1_2' title="bbox 346 606 1315 697; baseline -0.002 -1"><span class='ocrx_word' id='word_1_6' title='bbox 346 628 399 697; x_wconf 90' lang='lat' dir='ltr'>Sic</span> <span class='ocrx_word' id='word_1_7' title='bbox 413 628 484 697; x_wconf 82' lang='lat' dir='ltr'>fere</span> <span class='ocrx_word' id='word_1_8' title='bbox 502 627 648 695; x_wconf 80' lang='lat' dir='ltr'>Socrates</span> <span class='ocrx_word' id='word_1_9' title='bbox 665 625 835 693; x_wconf 83' lang='lat' dir='ltr'>dialectiod</span> <span class='ocrx_word' id='word_1_10' title='bbox 855 606 906 694; x_wconf 75' lang='lat' dir='ltr'>iia</span> <span class='ocrx_word' id='word_1_11' title='bbox 928 646 989 693; x_wconf 91' lang='lat' dir='ltr'>nos</span> <span class='ocrx_word' id='word_1_12' title='bbox 1009 626 1051 693; x_wconf 86' lang='lat' dir='ltr'>ad</span> <span class='ocrx_word' id='word_1_13' title='bbox 1069 646 1238 695; x_wconf 89' lang='lat' dir='ltr'>summum</span> <span class='ocrx_word' id='word_1_14' title='bbox 1258 648 1315 694; x_wconf 86' lang='lat' dir='ltr'>an·</span> 
     </span>
     <span class='ocr_line' id='line_1_3' title="bbox 301 742 1132 834; baseline -0.005 -20"><span class='ocrx_word' id='word_1_15' title='bbox 301 746 371 834; x_wconf 84' lang='lat' dir='ltr'>guli</span> <span class='ocrx_word' id='word_1_16' title='bbox 385 745 500 829; x_wconf 84' lang='lat' dir='ltr'>trahit,</span> <span class='ocrx_word' id='word_1_17' title='bbox 519 745 577 812; x_wconf 91' lang='lat' dir='ltr'>ubi</span> <span class='ocrx_word' id='word_1_18' title='bbox 592 742 752 833; x_wconf 72' lang='lat' dir='ltr'>sapientia</span> <span class='ocrx_word' id='word_1_19' title='bbox 767 748 799 809; x_wconf 94' lang='lat' dir='ltr'>et</span> <span class='ocrx_word' id='word_1_20' title='bbox 817 743 921 810; x_wconf 87' lang='lat' dir='ltr'>virtus</span> <span class='ocrx_word' id='word_1_21' title='bbox 937 749 1132 830; x_wconf 86' lang='lat' dir='ltr'>congruunt.</span> 
     </span>
    </p>

    <p class='ocr_par' dir='ltr' id='par_1_3' title="bbox 263 858 1316 1881">
     <span class='ocr_line' id='line_1_4' title="bbox 344 858 1316 955; baseline -0.003 -25"><span class='ocrx_word' id='word_1_22' title='bbox 344 862 434 930; x_wconf 87' lang='lat' dir='ltr'>Unde</span> <span class='ocrx_word' id='word_1_23' title='bbox 446 866 633 948; x_wconf 88' lang='lat' dir='ltr'>sequuntur</span> <span class='ocrx_word' id='word_1_24' title='bbox 649 859 864 927; x_wconf 88' lang='lat' dir='ltr'>celeberrima</span> <span class='ocrx_word' id='word_1_25' title='bbox 877 858 935 926; x_wconf 92' lang='lat' dir='ltr'>illa</span> <span class='ocrx_word' id='word_1_26' title='bbox 945 859 1086 927; x_wconf 85' lang='lat' dir='ltr'>Socratis</span> <span class='ocrx_word' id='word_1_27' title='bbox 1102 883 1109 922; x_wconf 90' lang='lat'>:</span> <span class='ocrx_word' id='word_1_28' title='bbox 1127 864 1214 940; x_wconf 79' lang='grc' dir='ltr'>οὐδεὶς</span> <span class='ocrx_word' id='word_1_29' title='bbox 1225 867 1316 955; x_wconf 66' lang='lat' dir='ltr'>aaut&lt;</span> 
     </span>
     <span class='ocr_line' id='line_1_5' title="bbox 300 973 1315 1063; baseline -0.004 -18"><span class='ocrx_word' id='word_1_30' title='bbox 300 985 489 1062; x_wconf 75' lang='grc' dir='ltr'>ἐκών,ιιεωο</span> <span class='ocrx_word' id='word_1_31' title='bbox 500 976 608 1045; x_wconf 85' lang='lat' dir='ltr'>sciens</span> <span class='ocrx_word' id='word_1_32' title='bbox 619 980 652 1043; x_wconf 91' lang='lat' dir='ltr'>et</span> <span class='ocrx_word' id='word_1_33' title='bbox 661 975 772 1044; x_wconf 91' lang='lat' dir='ltr'>volens</span> <span class='ocrx_word' id='word_1_34' title='bbox 782 976 869 1043; x_wconf 90' lang='lat' dir='ltr'>mala</span> <span class='ocrx_word' id='word_1_35' title='bbox 879 973 1146 1051; x_wconf 81' lang='lat' dir='ltr'>admittitQuum</span> <span class='ocrx_word' id='word_1_36' title='bbox 1155 978 1231 1044; x_wconf 75' lang='lat' dir='ltr'>vero</span> <span class='ocrx_word' id='word_1_37' title='bbox 1240 973 1315 1063; x_wconf 83' lang='lat' dir='ltr'>llip-</span> 
     </span>
     <span class='ocr_line' id='line_1_6' title="bbox 299 1089 1315 1183; baseline -0.002 -23"><span class='ocrx_word' id='word_1_38' title='bbox 299 1093 371 1183; x_wconf 90' lang='lat' dir='ltr'>pias</span> <span class='ocrx_word' id='word_1_39' title='bbox 388 1092 558 1181; x_wconf 77' lang='lat' dir='ltr'>vulgarem</span> <span class='ocrx_word' id='word_1_40' title='bbox 577 1091 766 1181; x_wconf 85' lang='lat' dir='ltr'>opinionem</span> <span class='ocrx_word' id='word_1_41' title='bbox 791 1091 831 1159; x_wconf 92' lang='lat' dir='ltr'>de</span> <span class='ocrx_word' id='word_1_42' title='bbox 849 1090 953 1159; x_wconf 91' lang='lat' dir='ltr'>libero</span> <span class='ocrx_word' id='word_1_43' title='bbox 971 1090 1108 1159; x_wconf 91' lang='lat' dir='ltr'>arbitrio</span> <span class='ocrx_word' id='word_1_44' title='bbox 1124 1089 1315 1158; x_wconf 86' lang='lat' dir='ltr'>voluntatis-</span> 
     </span>
     <span class='ocr_line' id='line_1_7' title="bbox 299 1205 1314 1298; baseline -0.004 -21"><span class='ocrx_word' id='word_1_45' title='bbox 299 1230 363 1298; x_wconf 85' lang='lat' dir='ltr'>que</span> <span class='ocrx_word' id='word_1_46' title='bbox 378 1217 491 1277; x_wconf 88' lang='lat' dir='ltr'>oontra</span> <span class='ocrx_word' id='word_1_47' title='bbox 504 1209 666 1276; x_wconf 90' lang='lat' dir='ltr'>rationem</span> <span class='ocrx_word' id='word_1_48' title='bbox 681 1206 897 1297; x_wconf 65' lang='lat' dir='ltr'>repugnantia</span> <span class='ocrx_word' id='word_1_49' title='bbox 909 1206 1077 1296; x_wconf 78' lang='lat' dir='ltr'>professus</span> <span class='ocrx_word' id='word_1_50' title='bbox 1098 1206 1153 1290; x_wconf 89' lang='lat' dir='ltr'>sit,</span> <span class='ocrx_word' id='word_1_51' title='bbox 1162 1205 1269 1294; x_wconf 85' lang='lat' dir='ltr'>qualia</span> <span class='ocrx_word' id='word_1_52' title='bbox 1282 1212 1314 1274; x_wconf 87' lang='lat' dir='ltr'>et</span> 
     </span>
     <span class='ocr_line' id='line_1_8' title="bbox 299 1321 1314 1413; baseline -0.002 -21"><span class='ocrx_word' id='word_1_53' title='bbox 299 1327 398 1413; x_wconf 79' lang='lat' dir='ltr'>qudm</span> <span class='ocrx_word' id='word_1_54' title='bbox 409 1324 551 1392; x_wconf 89' lang='lat' dir='ltr'>absurda</span> <span class='ocrx_word' id='word_1_55' title='bbox 563 1323 640 1392; x_wconf 93' lang='lat' dir='ltr'>inde</span> <span class='ocrx_word' id='word_1_56' title='bbox 652 1330 895 1412; x_wconf 85' lang='lat' dir='ltr'>consequantur</span> <span class='ocrx_word' id='word_1_57' title='bbox 904 1321 1052 1391; x_wconf 80' lang='lat' dir='ltr'>Socrates</span> <span class='ocrx_word' id='word_1_58' title='bbox 1062 1329 1212 1411; x_wconf 74' lang='grc' dir='ltr'>εἰρωνικῶς</span> <span class='ocrx_word' id='word_1_59' title='bbox 1222 1344 1314 1390; x_wconf 91' lang='lat' dir='ltr'>mon-</span> 
     </span>
     <span class='ocr_line' id='line_1_9' title="bbox 263 1418 1313 1529; baseline -0.001 -20"><span class='ocrx_word' id='word_1_60' title='bbox 263 1432 266 1445; x_wconf 85' lang='grc'><strong>’</strong></span> <span class='ocrx_word' id='word_1_61' title='bbox 297 1446 391 1509; x_wconf 87' lang='lat' dir='ltr'>strat.</span> <span class='ocrx_word' id='word_1_62' title='bbox 402 1440 627 1529; x_wconf 77' lang='lat' dir='ltr'>Primumper</span> <span class='ocrx_word' id='word_1_63' title='bbox 644 1441 846 1528; x_wconf 82' lang='lat' dir='ltr'>lppotlera&#39;m,</span> <span class='ocrx_word' id='word_1_64' title='bbox 858 1437 1060 1529; x_wconf 89' lang='lat' dir='ltr'>principium</span> <span class='ocrx_word' id='word_1_65' title='bbox 1078 1438 1161 1506; x_wconf 91' lang='lat' dir='ltr'>illud</span> <span class='ocrx_word' id='word_1_66' title='bbox 1174 1445 1206 1506; x_wconf 92' lang='lat' dir='ltr'>et</span> <span class='ocrx_word' id='word_1_67' title='bbox 1219 1418 1313 1528; x_wconf 78' lang='lat' dir='ltr'>quasi</span> 
     </span>
     <span class='ocr_line' id='line_1_10' title="bbox 299 1534 1314 1650; baseline 0 -26"><span class='ocrx_word' id='word_1_68' title='bbox 299 1557 458 1645; x_wconf 83' lang='lat' dir='ltr'>majorem</span> <span class='ocrx_word' id='word_1_69' title='bbox 474 1556 660 1650; x_wconf 74' lang='lat' dir='ltr'>syllogismi</span> <span class='ocrx_word' id='word_1_70' title='bbox 674 1534 934 1646; x_wconf 86' lang='lat' dir='ltr'>propositionem</span> <span class='ocrx_word' id='word_1_71' title='bbox 951 1555 1096 1625; x_wconf 87' lang='lat' dir='ltr'>admittit</span> <span class='ocrx_word' id='word_1_72' title='bbox 1112 1580 1120 1621; x_wconf 78' lang='grc' dir='ltr'>ι</span> <span class='ocrx_word' id='word_1_73' title='bbox 1136 1555 1196 1632; x_wconf 80' lang='lat' dir='ltr'>oui</span> <span class='ocrx_word' id='word_1_74' title='bbox 1212 1556 1314 1646; x_wconf 89' lang='lat' dir='ltr'>injus·</span> 
     </span>
     <span class='ocr_line' id='line_1_11' title="bbox 299 1671 1310 1761; baseline -0.003 -20"><span class='ocrx_word' id='word_1_75' title='bbox 299 1680 352 1741; x_wconf 89' lang='lat' dir='ltr'>tus</span> <span class='ocrx_word' id='word_1_76' title='bbox 363 1677 453 1741; x_wconf 89' lang='lat' dir='ltr'>estet</span> <span class='ocrx_word' id='word_1_77' title='bbox 461 1672 706 1755; x_wconf 87' lang='lat' dir='ltr'>mendax,idem</span> <span class='ocrx_word' id='word_1_78' title='bbox 716 1673 822 1741; x_wconf 88' lang='lat' dir='ltr'>sciens</span> <span class='ocrx_word' id='word_1_79' title='bbox 830 1679 861 1740; x_wconf 87' lang='lat' dir='ltr'>et</span> <span class='ocrx_word' id='word_1_80' title='bbox 872 1673 985 1741; x_wconf 81' lang='lat' dir='ltr'>volens</span> <span class='ocrx_word' id='word_1_81' title='bbox 993 1671 1080 1740; x_wconf 81' lang='lat' dir='ltr'>male</span> <span class='ocrx_word' id='word_1_82' title='bbox 1087 1692 1182 1761; x_wconf 90' lang='lat' dir='ltr'>agere</span> <span class='ocrx_word' id='word_1_83' title='bbox 1194 1678 1310 1761; x_wconf 89' lang='lat' dir='ltr'>potest.</span> 
     </span>
     <span class='ocr_line' id='line_1_12' title="bbox 298 1787 1311 1881; baseline -0.001 -25"><span class='ocrx_word' id='word_1_84' title='bbox 298 1826 342 1840; x_wconf 92' lang='lat'><em>-</em></span> <span class='ocrx_word' id='word_1_85' title='bbox 356 1787 417 1857; x_wconf 86' lang='lat' dir='ltr'>Sed</span> <span class='ocrx_word' id='word_1_86' title='bbox 431 1789 461 1858; x_wconf 93' lang='lat' dir='ltr'>si</span> <span class='ocrx_word' id='word_1_87' title='bbox 477 1789 523 1857; x_wconf 87' lang='lat' dir='ltr'>ita</span> <span class='ocrx_word' id='word_1_88' title='bbox 535 1795 595 1873; x_wconf 88' lang='lat' dir='ltr'>est,</span> <span class='ocrx_word' id='word_1_89' title='bbox 613 1790 764 1879; x_wconf 88' lang='lat' dir='ltr'>sequitur</span> <span class='ocrx_word' id='word_1_90' title='bbox 773 1798 811 1858; x_wconf 89' lang='lat' dir='ltr'>ut</span> <span class='ocrx_word' id='word_1_91' title='bbox 826 1789 945 1857; x_wconf 87' lang='lat' dir='ltr'>melior</span> <span class='ocrx_word' id='word_1_92' title='bbox 957 1788 1012 1869; x_wconf 86' lang='lat' dir='ltr'>sit,</span> <span class='ocrx_word' id='word_1_93' title='bbox 1026 1788 1204 1881; x_wconf 24' lang='lat' dir='ltr'>quilsoiens</span> <span class='ocrx_word' id='word_1_94' title='bbox 1213 1795 1245 1856; x_wconf 90' lang='lat' dir='ltr'>et</span> <span class='ocrx_word' id='word_1_95' title='bbox 1257 1810 1311 1856; x_wconf 81' lang='lat' dir='ltr'>ro·</span> 
     </span>
    </p>
   </div>
   <div class='ocr_carea' id='block_1_3' title="bbox 299 1894 1397 1995">
    <p class='ocr_par' dir='ltr' id='par_1_4' title="bbox 299 1894 1397 1995">
     <span class='ocr_line' id='line_1_13' title="bbox 299 1894 1397 1995; baseline 0 -24"><span class='ocrx_word' id='word_1_96' title='bbox 299 1903 370 1971; x_wconf 90' lang='lat' dir='ltr'>lens</span> <span class='ocrx_word' id='word_1_97' title='bbox 386 1904 544 1993; x_wconf 84' lang='lat' dir='ltr'>injuriam</span> <span class='ocrx_word' id='word_1_98' title='bbox 559 1904 723 1991; x_wconf 85' lang='lat' dir='ltr'>admittat,</span> <span class='ocrx_word' id='word_1_99' title='bbox 735 1908 836 1994; x_wconf 81' lang='lat' dir='ltr'>qudm</span> <span class='ocrx_word' id='word_1_100' title='bbox 848 1904 905 1993; x_wconf 89' lang='lat' dir='ltr'>qui</span> <span class='ocrx_word' id='word_1_101' title='bbox 923 1904 1163 1995; x_wconf 88' lang='lat' dir='ltr'>imprudens&#39;et</span> <span class='ocrx_word' id='word_1_102' title='bbox 1174 1902 1308 1971; x_wconf 84' lang='lat' dir='ltr'>invitus.</span> <span class='ocrx_word' id='word_1_103' title='bbox 1389 1894 1397 1909; x_wconf 64' lang='lat'><strong>⁹</strong></span> 
     </span>
    </p>
   </div>
   <div class='ocr_carea' id='block_1_4' title="bbox 279 2019 1313 4195">
    <p class='ocr_par' dir='ltr' id='par_1_5' title="bbox 279 2019 1313 3499">
     <span class='ocr_line' id='line_1_14' title="bbox 297 2019 1313 2111; baseline 0.003 -26"><span class='ocrx_word' id='word_1_104' title='bbox 297 2019 446 2106; x_wconf 91' lang='lat' dir='ltr'>Namque</span> <span class='ocrx_word' id='word_1_105' title='bbox 459 2020 547 2110; x_wconf 88' lang='lat' dir='ltr'>apud</span> <span class='ocrx_word' id='word_1_106' title='bbox 557 2019 653 2088; x_wconf 85' lang='lat' dir='ltr'>illurn</span> <span class='ocrx_word' id='word_1_107' title='bbox 668 2021 779 2089; x_wconf 92' lang='lat' dir='ltr'>omnia</span> <span class='ocrx_word' id='word_1_108' title='bbox 793 2042 852 2111; x_wconf 89' lang='lat' dir='ltr'>per</span> <span class='ocrx_word' id='word_1_109' title='bbox 867 2020 1092 2089; x_wconf 83' lang='lat' dir='ltr'>definitionem</span> <span class='ocrx_word' id='word_1_110' title='bbox 1108 2020 1246 2088; x_wconf 87' lang='lat' dir='ltr'>meliora</span> <span class='ocrx_word' id='word_1_111' title='bbox 1265 2041 1313 2088; x_wconf 89' lang='lat' dir='ltr'>es·</span> 
     </span>
     <span class='ocr_line' id='line_1_15' title="bbox 297 2134 1312 2226; baseline 0.001 -24"><span class='ocrx_word' id='word_1_112' title='bbox 297 2141 385 2206; x_wconf 87' lang='lat' dir='ltr'>sent:</span> <span class='ocrx_word' id='word_1_113' title='bbox 395 2134 530 2202; x_wconf 84' lang='lat' dir='ltr'>soientit</span> <span class='ocrx_word' id='word_1_114' title='bbox 539 2134 628 2203; x_wconf 89' lang='lat' dir='ltr'>enim</span> <span class='ocrx_word' id='word_1_115' title='bbox 636 2135 754 2203; x_wconf 90' lang='lat' dir='ltr'>melior</span> <span class='ocrx_word' id='word_1_116' title='bbox 762 2140 859 2217; x_wconf 82' lang='lat' dir='ltr'>esset,</span> <span class='ocrx_word' id='word_1_117' title='bbox 869 2142 981 2225; x_wconf 91' lang='lat' dir='ltr'>utpote</span> <span class='ocrx_word' id='word_1_118' title='bbox 996 2137 1054 2225; x_wconf 92' lang='lat' dir='ltr'>qui</span> <span class='ocrx_word' id='word_1_119' title='bbox 1068 2137 1191 2226; x_wconf 84' lang='lat' dir='ltr'>optima</span> <span class='ocrx_word' id='word_1_120' title='bbox 1199 2156 1312 2222; x_wconf 86' lang='lat' dir='ltr'>cogno</span> 
     </span>
     <span class='ocr_line' id='line_1_16' title="bbox 299 2250 1312 2341; baseline -0.002 -22"><span class='ocrx_word' id='word_1_121' title='bbox 299 2253 384 2330; x_wconf 87' lang='lat' dir='ltr'>seat;</span> <span class='ocrx_word' id='word_1_122' title='bbox 399 2250 677 2341; x_wconf 79' lang='lat' dir='ltr'>necnonpotentid</span> <span class='ocrx_word' id='word_1_123' title='bbox 686 2250 805 2318; x_wconf 91' lang='lat' dir='ltr'>melior</span> <span class='ocrx_word' id='word_1_124' title='bbox 816 2257 914 2336; x_wconf 88' lang='lat' dir='ltr'>esset,</span> <span class='ocrx_word' id='word_1_125' title='bbox 924 2258 962 2320; x_wconf 91' lang='lat' dir='ltr'>ut</span> <span class='ocrx_word' id='word_1_126' title='bbox 972 2251 1031 2340; x_wconf 92' lang='lat' dir='ltr'>qui</span> <span class='ocrx_word' id='word_1_127' title='bbox 1041 2272 1092 2337; x_wconf 85' lang='lat' dir='ltr'>ea,</span> <span class='ocrx_word' id='word_1_128' title='bbox 1104 2272 1177 2339; x_wconf 86' lang='lat' dir='ltr'>quae</span> <span class='ocrx_word' id='word_1_129' title='bbox 1187 2251 1312 2341; x_wconf 77' lang='lat' dir='ltr'>optime</span> 
     </span>
     <span class='ocr_line' id='line_1_17' title="bbox 297 2364 1312 2456; baseline 0.002 -24"><span class='ocrx_word' id='word_1_130' title='bbox 297 2364 436 2453; x_wconf 82' lang='lat' dir='ltr'>noverit,</span> <span class='ocrx_word' id='word_1_131' title='bbox 456 2365 545 2434; x_wconf 90' lang='lat' dir='ltr'>solus</span> <span class='ocrx_word' id='word_1_132' title='bbox 559 2366 682 2455; x_wconf 80' lang='lat' dir='ltr'>optime</span> <span class='ocrx_word' id='word_1_133' title='bbox 696 2387 791 2453; x_wconf 85' lang='lat' dir='ltr'>egere</span> <span class='ocrx_word' id='word_1_134' title='bbox 803 2368 915 2436; x_wconf 84' lang='lat' dir='ltr'>valeat.</span> <span class='ocrx_word' id='word_1_135' title='bbox 933 2368 1018 2452; x_wconf 86' lang='lat' dir='ltr'>lded,</span> <span class='ocrx_word' id='word_1_136' title='bbox 1037 2371 1159 2456; x_wconf 81' lang='lat' dir='ltr'>quanto</span> <span class='ocrx_word' id='word_1_137' title='bbox 1170 2367 1312 2456; x_wconf 90' lang='lat' dir='ltr'>pruden-</span> 
     </span>
     <span class='ocr_line' id='line_1_18' title="bbox 296 2481 1310 2571; baseline 0 -22"><span class='ocrx_word' id='word_1_138' title='bbox 296 2481 363 2549; x_wconf 87' lang='lat' dir='ltr'>tior</span> <span class='ocrx_word' id='word_1_139' title='bbox 374 2487 406 2550; x_wconf 88' lang='lat' dir='ltr'>et</span> <span class='ocrx_word' id='word_1_140' title='bbox 420 2483 594 2571; x_wconf 88' lang='lat' dir='ltr'>potentior,</span> <span class='ocrx_word' id='word_1_141' title='bbox 611 2488 701 2551; x_wconf 80' lang='lat' dir='ltr'>tanto</span> <span class='ocrx_word' id='word_1_142' title='bbox 716 2483 835 2552; x_wconf 86' lang='lat' dir='ltr'>melior</span> <span class='ocrx_word' id='word_1_143' title='bbox 847 2490 945 2552; x_wconf 88' lang='lat' dir='ltr'>esset.</span> <span class='ocrx_word' id='word_1_144' title='bbox 959 2484 1048 2552; x_wconf 91' lang='lat' dir='ltr'>Idem</span> <span class='ocrx_word' id='word_1_145' title='bbox 1062 2490 1173 2551; x_wconf 89' lang='lat' dir='ltr'>tamen</span> <span class='ocrx_word' id='word_1_146' title='bbox 1188 2481 1310 2571; x_wconf 83' lang='lat' dir='ltr'>agendo</span> 
     </span>
     <span class='ocr_line' id='line_1_19' title="bbox 296 2597 1310 2690; baseline 0 -25"><span class='ocrx_word' id='word_1_147' title='bbox 296 2598 389 2688; x_wconf 86' lang='lat' dir='ltr'>pejor</span> <span class='ocrx_word' id='word_1_148' title='bbox 406 2598 588 2680; x_wconf 80' lang='lat' dir='ltr'>videretur;</span> <span class='ocrx_word' id='word_1_149' title='bbox 613 2600 701 2689; x_wconf 92' lang='lat' dir='ltr'>quod</span> <span class='ocrx_word' id='word_1_150' title='bbox 714 2608 886 2690; x_wconf 79' lang='lat' dir='ltr'>repugnat.</span> <span class='ocrx_word' id='word_1_151' title='bbox 912 2600 1019 2680; x_wconf 86' lang='lat' dir='ltr'>Quum</span> <span class='ocrx_word' id='word_1_152' title='bbox 1035 2600 1124 2668; x_wconf 89' lang='lat' dir='ltr'>enim</span> <span class='ocrx_word' id='word_1_153' title='bbox 1144 2619 1260 2667; x_wconf 90' lang='lat' dir='ltr'>omnes</span> <span class='ocrx_word' id='word_1_154' title='bbox 1274 2597 1310 2665; x_wconf 89' lang='lat' dir='ltr'>in</span> 
     </span>
     <span class='ocr_line' id='line_1_20' title="bbox 297 2709 1310 2805; baseline 0.002 -25"><span class='ocrx_word' id='word_1_155' title='bbox 297 2709 335 2781; x_wconf 62' lang='lat' dir='ltr'>e‘o</span> <span class='ocrx_word' id='word_1_156' title='bbox 349 2714 432 2782; x_wconf 77' lang='lat' dir='ltr'>hene</span> <span class='ocrx_word' id='word_1_157' title='bbox 446 2713 563 2803; x_wconf 87' lang='lat' dir='ltr'>agendi</span> <span class='ocrx_word' id='word_1_158' title='bbox 582 2715 727 2784; x_wconf 87' lang='lat' dir='ltr'>rationes</span> <span class='ocrx_word' id='word_1_159' title='bbox 741 2715 820 2802; x_wconf 70' lang='lat' dir='ltr'>sint,</span> <span class='ocrx_word' id='word_1_160' title='bbox 832 2716 923 2783; x_wconf 89' lang='lat' dir='ltr'>nulla</span> <span class='ocrx_word' id='word_1_161' title='bbox 931 2717 1002 2805; x_wconf 88' lang='lat' dir='ltr'>jam</span> <span class='ocrx_word' id='word_1_162' title='bbox 1018 2715 1101 2783; x_wconf 87' lang='lat' dir='ltr'>ratio</span> <span class='ocrx_word' id='word_1_163' title='bbox 1117 2714 1188 2782; x_wconf 85' lang='lat' dir='ltr'>dari</span> <span class='ocrx_word' id='word_1_164' title='bbox 1202 2719 1310 2803; x_wconf 84' lang='lat' dir='ltr'>potest</span> 
     </span>
     <span class='ocr_line' id='line_1_21' title="bbox 294 2829 1309 2920; baseline 0.002 -24"><span class='ocrx_word' id='word_1_165' title='bbox 294 2850 354 2896; x_wconf 92' lang='lat' dir='ltr'>cur</span> <span class='ocrx_word' id='word_1_166' title='bbox 366 2851 433 2897; x_wconf 93' lang='lat' dir='ltr'>non</span> <span class='ocrx_word' id='word_1_167' title='bbox 448 2829 532 2899; x_wconf 80' lang='lat' dir='ltr'>bene</span> <span class='ocrx_word' id='word_1_168' title='bbox 547 2836 631 2918; x_wconf 87' lang='lat' dir='ltr'>agat.</span> <span class='ocrx_word' id='word_1_169' title='bbox 655 2872 691 2882; x_wconf 91' lang='lat'>--</span> <span class='ocrx_word' id='word_1_170' title='bbox 707 2831 841 2899; x_wconf 80' lang='lat' dir='ltr'>Atenim</span> <span class='ocrx_word' id='word_1_171' title='bbox 852 2831 1089 2920; x_wconf 81' lang='lat' dir='ltr'>cupiditatibus</span> <span class='ocrx_word' id='word_1_172' title='bbox 1103 2831 1309 2920; x_wconf 83' lang='lat' dir='ltr'>etroluptate</span> 
     </span>
     <span class='ocr_line' id='line_1_22' title="bbox 294 2945 1308 3034; baseline 0.001 -22"><span class='ocrx_word' id='word_1_173' title='bbox 294 2945 443 3034; x_wconf 79' lang='lat' dir='ltr'>rapitur?</span> <span class='ocrx_word' id='word_1_174' title='bbox 456 2985 501 2996; x_wconf 93' lang='lat'>—</span> <span class='ocrx_word' id='word_1_175' title='bbox 520 2945 603 3033; x_wconf 81' lang='lat' dir='ltr'>llrgd</span> <span class='ocrx_word' id='word_1_176' title='bbox 618 2967 684 3013; x_wconf 92' lang='lat' dir='ltr'>non</span> <span class='ocrx_word' id='word_1_177' title='bbox 701 2946 788 3013; x_wconf 88' lang='lat' dir='ltr'>liber</span> <span class='ocrx_word' id='word_1_178' title='bbox 806 2952 921 3030; x_wconf 56' lang='lat' dir='ltr'>estput</span> <span class='ocrx_word' id='word_1_179' title='bbox 942 2945 1038 3015; x_wconf 83' lang='lat' dir='ltr'>modo</span> <span class='ocrx_word' id='word_1_180' title='bbox 1056 2946 1217 3033; x_wconf 89' lang='lat' dir='ltr'>fingebas;</span> <span class='ocrx_word' id='word_1_181' title='bbox 1240 2946 1308 3013; x_wconf 85' lang='lat' dir='ltr'>imd</span> 
     </span>
     <span class='ocr_line' id='line_1_23' title="bbox 294 3061 1305 3152; baseline 0.002 -23"><span class='ocrx_word' id='word_1_182' title='bbox 294 3083 354 3129; x_wconf 90' lang='lat' dir='ltr'>neo</span> <span class='ocrx_word' id='word_1_183' title='bbox 368 3070 483 3151; x_wconf 89' lang='lat' dir='ltr'>potens</span> <span class='ocrx_word' id='word_1_184' title='bbox 501 3081 562 3128; x_wconf 90' lang='lat' dir='ltr'>neo</span> <span class='ocrx_word' id='word_1_185' title='bbox 578 3061 685 3130; x_wconf 87' lang='lat' dir='ltr'>sciens</span> <span class='ocrx_word' id='word_1_186' title='bbox 706 3086 714 3128; x_wconf 76' lang='lat'>2</span> <span class='ocrx_word' id='word_1_187' title='bbox 734 3083 825 3143; x_wconf 88' lang='lat' dir='ltr'>nam,</span> <span class='ocrx_word' id='word_1_188' title='bbox 837 3062 865 3132; x_wconf 93' lang='lat' dir='ltr'>si</span> <span class='ocrx_word' id='word_1_189' title='bbox 881 3062 1004 3152; x_wconf 90' lang='lat' dir='ltr'>optima</span> <span class='ocrx_word' id='word_1_190' title='bbox 1014 3062 1115 3131; x_wconf 85' lang='lat' dir='ltr'>sciret</span> <span class='ocrx_word' id='word_1_191' title='bbox 1133 3070 1165 3130; x_wconf 90' lang='lat' dir='ltr'>et</span> <span class='ocrx_word' id='word_1_192' title='bbox 1183 3069 1305 3152; x_wconf 87' lang='lat' dir='ltr'>posset,</span> 
     </span>
     <span class='ocr_line' id='line_1_24' title="bbox 279 3175 1307 3268; baseline 0.002 -24"><span class='ocrx_word' id='word_1_193' title='bbox 279 3197 359 3265; x_wconf 64' lang='lat' dir='ltr'>⁸non</span> <span class='ocrx_word' id='word_1_194' title='bbox 369 3175 563 3265; x_wconf 89' lang='lat' dir='ltr'>sapientiam</span> <span class='ocrx_word' id='word_1_195' title='bbox 574 3177 662 3266; x_wconf 89' lang='lat' dir='ltr'>apud</span> <span class='ocrx_word' id='word_1_196' title='bbox 670 3178 904 3268; x_wconf 83' lang='lat' dir='ltr'>eumroluptas</span> <span class='ocrx_word' id='word_1_197' title='bbox 912 3177 1152 3256; x_wconf 83' lang='lat' dir='ltr'>vinceret.Quae</span> <span class='ocrx_word' id='word_1_198' title='bbox 1162 3179 1307 3248; x_wconf 88' lang='lat' dir='ltr'>sitamen</span> 
     </span>
     <span class='ocr_line' id='line_1_25' title="bbox 292 3292 1305 3379; baseline 0 -18"><span class='ocrx_word' id='word_1_199' title='bbox 292 3292 404 3377; x_wconf 86' lang='lat' dir='ltr'>vincit,</span> <span class='ocrx_word' id='word_1_200' title='bbox 429 3292 523 3360; x_wconf 89' lang='lat' dir='ltr'>fatali</span> <span class='ocrx_word' id='word_1_201' title='bbox 544 3293 681 3362; x_wconf 82' lang='lat' dir='ltr'>victoria</span> <span class='ocrx_word' id='word_1_202' title='bbox 700 3294 839 3362; x_wconf 87' lang='lat' dir='ltr'>invitum</span> <span class='ocrx_word' id='word_1_203' title='bbox 857 3294 1040 3379; x_wconf 87' lang='lat' dir='ltr'>hominem,</span> <span class='ocrx_word' id='word_1_204' title='bbox 1061 3314 1128 3362; x_wconf 93' lang='lat' dir='ltr'>non</span> <span class='ocrx_word' id='word_1_205' title='bbox 1142 3294 1305 3363; x_wconf 87' lang='lat' dir='ltr'>volentem</span> 
     </span>
     <span class='ocr_line' id='line_1_26' title="bbox 292 3409 859 3499; baseline 0 -23"><span class='ocrx_word' id='word_1_206' title='bbox 292 3416 325 3476; x_wconf 90' lang='lat' dir='ltr'>et</span> <span class='ocrx_word' id='word_1_207' title='bbox 339 3409 497 3477; x_wconf 87' lang='lat' dir='ltr'>scientem</span> <span class='ocrx_word' id='word_1_208' title='bbox 511 3416 544 3478; x_wconf 88' lang='lat' dir='ltr'>et</span> <span class='ocrx_word' id='word_1_209' title='bbox 555 3409 698 3478; x_wconf 90' lang='lat' dir='ltr'>liberum</span> <span class='ocrx_word' id='word_1_210' title='bbox 715 3416 859 3499; x_wconf 89' lang='lat' dir='ltr'>superat.</span> 
     </span>
    </p>

    <p class='ocr_par' dir='ltr' id='par_1_6' title="bbox 293 3531 1308 4195">
     <span class='ocr_line' id='line_1_27' title="bbox 338 3531 1307 3617; baseline 0.006 -29"><span class='ocrx_word' id='word_1_211' title='bbox 338 3563 379 3574; x_wconf 92' lang='lat'>-</span> <span class='ocrx_word' id='word_1_212' title='bbox 405 3531 478 3592; x_wconf 82' lang='grc' dir='ltr'>«Τί</span> <span class='ocrx_word' id='word_1_213' title='bbox 500 3533 558 3612; x_wconf 59' lang='lat' dir='ltr'>dep</span> <span class='ocrx_word' id='word_1_214' title='bbox 575 3532 626 3593; x_wconf 83' lang='grc' dir='ltr'>οὐκ</span> <span class='ocrx_word' id='word_1_215' title='bbox 646 3531 707 3614; x_wconf 84' lang='grc' dir='ltr'>ἄρτι</span> <span class='ocrx_word' id='word_1_216' title='bbox 735 3532 872 3617; x_wconf 68' lang='grc' dir='ltr'>ἐφάνησαν</span> <span class='ocrx_word' id='word_1_217' title='bbox 897 3531 923 3593; x_wconf 81' lang='lat' dir='ltr'>ol</span> <span class='ocrx_word' id='word_1_218' title='bbox 945 3531 1057 3605; x_wconf 70' lang='grc' dir='ltr'><strong>ἑκόντες</strong></span> <span class='ocrx_word' id='word_1_219' title='bbox 1078 3533 1234 3605; x_wconf 79' lang='grc' dir='ltr'><strong>ἀδικοῦντες</strong></span> <span class='ocrx_word' id='word_1_220' title='bbox 1258 3532 1307 3595; x_wconf 79' lang='grc' dir='ltr'>καὶ</span> 
     </span>
     <span class='ocr_line' id='line_1_28' title="bbox 294 3635 1306 3730; baseline 0.001 -22"><span class='ocrx_word' id='word_1_221' title='bbox 294 3647 406 3722; x_wconf 69' lang='grc' dir='ltr'>ἑκόντες</span> <span class='ocrx_word' id='word_1_222' title='bbox 427 3648 672 3723; x_wconf 52' lang='lat' dir='ltr'>{attondeatur</span> <span class='ocrx_word' id='word_1_223' title='bbox 691 3648 738 3711; x_wconf 82' lang='grc' dir='ltr'>καὶ</span> <span class='ocrx_word' id='word_1_224' title='bbox 758 3649 833 3710; x_wconf 77' lang='grc' dir='ltr'>κακὰ</span> <span class='ocrx_word' id='word_1_225' title='bbox 853 3635 1038 3730; x_wconf 78' lang='grc' dir='ltr'>ἐργασάμενοι</span> <span class='ocrx_word' id='word_1_226' title='bbox 1055 3648 1181 3725; x_wconf 76' lang='grc' dir='ltr'><strong>βελτίους</strong></span> <span class='ocrx_word' id='word_1_227' title='bbox 1196 3652 1230 3710; x_wconf 77' lang='grc' dir='ltr'>ἂν</span> <span class='ocrx_word' id='word_1_228' title='bbox 1249 3644 1306 3710; x_wconf 83' lang='grc' dir='ltr'>εἶεν</span> 
     </span>
     <span class='ocr_line' id='line_1_29' title="bbox 293 3759 1308 3845; baseline -0.002 -19"><span class='ocrx_word' id='word_1_229' title='bbox 293 3769 348 3826; x_wconf 80' lang='grc' dir='ltr'>τῶν</span> <span class='ocrx_word' id='word_1_230' title='bbox 361 3763 501 3843; x_wconf 54' lang='lat' dir='ltr'>dadacum</span> <span class='ocrx_word' id='word_1_231' title='bbox 527 3759 567 3837; x_wconf 80' lang='grc' dir='ltr'>οἷς</span> <span class='ocrx_word' id='word_1_232' title='bbox 585 3766 684 3844; x_wconf 82' lang='grc' dir='ltr'>πολλὴ</span> <span class='ocrx_word' id='word_1_233' title='bbox 705 3766 785 3826; x_wconf 80' lang='grc' dir='ltr'>δοκεῖ</span> <span class='ocrx_word' id='word_1_234' title='bbox 799 3768 948 3845; x_wconf 81' lang='grc' dir='ltr'>συγγνώμη</span> <span class='ocrx_word' id='word_1_235' title='bbox 963 3759 1043 3837; x_wconf 81' lang='grc' dir='ltr'>εἶναι,</span> <span class='ocrx_word' id='word_1_236' title='bbox 1056 3765 1104 3827; x_wconf 81' lang='grc' dir='ltr'>ἐὰν</span> <span class='ocrx_word' id='word_1_237' title='bbox 1118 3765 1157 3843; x_wconf 83' lang='grc' dir='ltr'>μὴ</span> <span class='ocrx_word' id='word_1_238' title='bbox 1174 3762 1254 3838; x_wconf 58' lang='lat' dir='ltr'>edric</span> <span class='ocrx_word' id='word_1_239' title='bbox 1266 3785 1308 3836; x_wconf 81' lang='grc' dir='ltr'>τις</span> 
     </span>
     <span class='ocr_line' id='line_1_30' title="bbox 295 3878 1306 3965; baseline 0.001 -26"><span class='ocrx_word' id='word_1_240' title='bbox 295 3879 412 3963; x_wconf 80' lang='grc' dir='ltr'>ἀδικήσῃ</span> <span class='ocrx_word' id='word_1_241' title='bbox 429 3883 448 3959; x_wconf 76' lang='grc' dir='ltr'>ἢ</span> <span class='ocrx_word' id='word_1_242' title='bbox 466 3882 628 3960; x_wconf 55' lang='lat' dir='ltr'>dedcorant</span> <span class='ocrx_word' id='word_1_243' title='bbox 644 3880 721 3944; x_wconf 81' lang='grc' dir='ltr'>ἄλλο</span> <span class='ocrx_word' id='word_1_244' title='bbox 739 3903 763 3944; x_wconf 85' lang='grc' dir='ltr'>τι</span> <span class='ocrx_word' id='word_1_245' title='bbox 782 3880 870 3943; x_wconf 73' lang='grc' dir='ltr'>κακὸν</span> <span class='ocrx_word' id='word_1_246' title='bbox 888 3885 1001 3965; x_wconf 77' lang='grc' dir='ltr'>ποιήσῃ·</span> <span class='ocrx_word' id='word_1_247' title='bbox 1018 3881 1065 3941; x_wconf 79' lang='grc' dir='ltr'>καὶ</span> <span class='ocrx_word' id='word_1_248' title='bbox 1085 3878 1111 3941; x_wconf 82' lang='lat' dir='ltr'>ol</span> <span class='ocrx_word' id='word_1_249' title='bbox 1123 3882 1202 3958; x_wconf 79' lang='grc' dir='ltr'>νόμοι</span> <span class='ocrx_word' id='word_1_250' title='bbox 1219 3882 1306 3960; x_wconf 82' lang='grc' dir='ltr'><strong>δήπου</strong></span> 
     </span>
     <span class='ocr_line' id='line_1_31' title="bbox 295 3994 1307 4079; baseline 0.002 -23"><span class='ocrx_word' id='word_1_251' title='bbox 295 3995 368 4056; x_wconf 81' lang='grc' dir='ltr'>πολὺ</span> <span class='ocrx_word' id='word_1_252' title='bbox 386 3996 583 4079; x_wconf 80' lang='grc' dir='ltr'>χαλεπώτεροί</span> <span class='ocrx_word' id='word_1_253' title='bbox 596 3997 647 4060; x_wconf 80' lang='grc' dir='ltr'>εἰσι</span> <span class='ocrx_word' id='word_1_254' title='bbox 663 3994 724 4072; x_wconf 80' lang='grc' dir='ltr'>σοῖς</span> <span class='ocrx_word' id='word_1_255' title='bbox 738 3997 830 4059; x_wconf 82' lang='grc' dir='ltr'>ἒκσῦσι</span> <span class='ocrx_word' id='word_1_256' title='bbox 846 3998 922 4058; x_wconf 73' lang='grc' dir='ltr'><strong>κακὰ</strong></span> <span class='ocrx_word' id='word_1_257' title='bbox 936 3997 1131 4079; x_wconf 76' lang='grc' dir='ltr'>ἐργαζομένοις</span> <span class='ocrx_word' id='word_1_258' title='bbox 1146 3995 1195 4058; x_wconf 81' lang='grc' dir='ltr'>καὶ</span> <span class='ocrx_word' id='word_1_259' title='bbox 1207 3997 1307 4075; x_wconf 76' lang='grc' dir='ltr'>ψευδο·</span> 
     </span>
     <span class='ocr_line' id='line_1_32' title="bbox 296 4105 1306 4195; baseline 0 -22"><span class='ocrx_word' id='word_1_260' title='bbox 296 4113 388 4189; x_wconf 77' lang='grc' dir='ltr'><strong>μένοις</strong></span> <span class='ocrx_word' id='word_1_261' title='bbox 402 4114 499 4190; x_wconf 73' lang='grc' dir='ltr'>ἢ-τσῖς</span> <span class='ocrx_word' id='word_1_262' title='bbox 515 4107 656 4176; x_wconf 66' lang='grc' dir='ltr'>ἄκουσιν.1</span> <span class='ocrx_word' id='word_1_263' title='bbox 673 4133 690 4170; x_wconf 78' lang='lat' dir='ltr'>o</span> <span class='ocrx_word' id='word_1_264' title='bbox 712 4146 751 4158; x_wconf 90' lang='lat'><em>-</em></span> <span class='ocrx_word' id='word_1_265' title='bbox 770 4106 826 4175; x_wconf 88' lang='lat' dir='ltr'>llic</span> <span class='ocrx_word' id='word_1_266' title='bbox 845 4127 1021 4195; x_wconf 81' lang='lat' dir='ltr'>agnoscere</span> <span class='ocrx_word' id='word_1_267' title='bbox 1043 4115 1093 4175; x_wconf 85' lang='lat' dir='ltr'>est</span> <span class='ocrx_word' id='word_1_268' title='bbox 1111 4106 1221 4175; x_wconf 85' lang='lat' dir='ltr'>omnia</span> <span class='ocrx_word' id='word_1_269' title='bbox 1242 4105 1306 4173; x_wconf 90' lang='lat' dir='ltr'>ista</span> 
     </span>
    </p>
   </div>
   <div class='ocr_carea' id='block_1_5' title="bbox 325 4253 531 4315">
    <p class='ocr_par' dir='ltr' id='par_1_7' title="bbox 325 4253 531 4315">
     <span class='ocr_line' id='line_1_33' title="bbox 325 4253 531 4315; baseline 0.019 -12"><span class='ocrx_word' id='word_1_270' title='bbox 325 4254 335 4288; x_wconf 76' lang='lat'>¹</span> <span class='ocrx_word' id='word_1_271' title='bbox 351 4253 396 4306; x_wconf 73' lang='lat' dir='ltr'>dli</span> <span class='ocrx_word' id='word_1_272' title='bbox 410 4268 437 4315; x_wconf 84' lang='lat' dir='ltr'>e;</span> <span class='ocrx_word' id='word_1_273' title='bbox 449 4253 496 4305; x_wconf 77' lang='lat' dir='ltr'>sn</span> <span class='ocrx_word' id='word_1_274' title='bbox 507 4269 531 4307; x_wconf 82' lang='lat' dir='ltr'>r.</span> 
     </span>
    </p>
   </div>
   <div class='ocr_carea' id='block_1_6' title="bbox 0 0 1500 4918">
    <p class='ocr_par' dir='ltr' id='par_1_8' title="bbox 0 0 1500 4918">
     <span class='ocr_line' id='line_1_34' title="bbox 0 0 1500 4918; baseline 0 2"><span class='ocrx_word' id='word_1_275' title='bbox 0 0 1500 4918; x_wconf 95' lang='lat' dir='ltr'> </span> 
     </span>
    </p>
   </div>
  </div>
 </body>
</html>
