2990 4918
266 462 503 539 smqsocnarlcl
519 461 633 514 conam
647 461 774 515 amandu
790 432 951 518 laetantui!
966 467 1148 522 ARGUMENTA.
1183 469 1212 521 'll

206 589 364 660 scientem
385 592 418 657 et
434 587 597 657 volentem
615 589 794 659 contendit.
809 591 922 682 Neque
945 592 1116 682 ignorabat
1141 615 1215 684 quae

203 738 244 787 ex
263 715 305 785 iis
326 715 487 785 institutis
507 722 802 805 consequerentur,
823 725 880 787 aut
897 740 971 809 quae
981 719 1080 810 objici
1093 725 1126 789 ct
1142 741 1217 789 con·

203 841 322 911 tradici
340 816 487 931 possent.
517 838 629 939 Sciens
645 839 716 930 ipse
736 847 770 911 et
788 842 899 912 volens
920 845 1091 935 vulgarem
1111 846 1153 915 de
1176 844 1216 913 li-

204 967 282 1036 bero
305 963 443 1034 arbitrio
467 964 659 1055 opinionem
674 965 715 1034 ad
731 964 915 1036 absurdum
930 969 1089 1039 reducere
1101 962 1217 1039 subtili

203 1090 372 1160 dialectice
385 1067 559 1177 nisus-cst.

247 1206 323 1297 Quae
344 1222 419 1287 nero
440 1223 474 1286 et
495 1217 585 1308 apud
605 1217 852 1309 Xenophontem
872 1226 905 1289 et
925 1222 1013 1311 apud
1034 1222 1216 1306 Platonem,

204 1320 453 1434 presertimque
470 1343 506 1411 in
520 1343 640 1413 Minore
657 1343 786 1434 Hippio,
803 1350 918 1413 contra
931 1346 1150 1416 voluntariam
1166 1347 1218 1415 in·

203 1468 366 1558 justitiam
382 1490 402 1537 a
416 1467 551 1537 Socrate
566 1469 791 1548 cumulantur,
808 1490 846 1539 ea
865 1469 1030 1540 Aristoteli
1048 1471 1129 1540 adeo
1151 1492 1219 1541 non

208 1595 416 1687 despicienda·
427 1593 499 1663 visa
514 1600 606 1679 sunt,
623 1601 662 1664 ut
674 1598 760 1685 saepe
773 1595 815 1664 ad
829 1595 887 1664 illa
901 1602 933 1665 et
950 1597 985 1664 in
1002 1597 1220 1686 Metcpbpeicir
1295 1576 1299 1589 ¹

212 1726 245 1791 et
273 1721 309 1789 in
330 1720 500 1790 Moralibae
525 1718 674 1788 redierit.
701 1720 868 1811 Imprimis
888 1722 1075 1791 dialecticas
1100 1721 1222 1811 Hippiae

209 1848 336 1917 Minoris
347 1846 492 1914 rationes
504 1846 657 1935 expedire
668 1854 701 1916 et
717 1846 842 1917 solvere
855 1870 922 1917 non
932 1848 1004 1918 sine
1015 1847 1127 1917 labore
1144 1847 1221 1917 edo·

212 1971 307 2040 ritur.
336 1970 446 2050 Quum
478 1976 589 2040 autem
612 1971 728 2040 omnia
755 1974 927 2063 perpendit
953 1979 1053 2065 atque
1072 1994 1111 2043 en
1131 1971 1222 2041 omni

212 2105 303 2188 parte
317 2096 470 2175 versavit,
487 2097 557 2187 ipse
570 2098 610 2166 ad
624 2097 659 2167 id
671 2100 806 2168 tandem
816 2099 1002 2181 adducitur,
1022 2105 1061 2168 ut
1077 2120 1152 2169 eum
1165 2098 1222 2167 So·

212 2230 300 2293 crate
321 2229 355 2292 et
375 2223 505 2292 Platone
524 2222 651 2312 aliquid
671 2246 742 2295 esse
757 2248 864 2296 unum
885 2236 917 2297 et
933 2227 1139 2318 omnipotens
1156 2245 1222 2316 quo

211 2320 297 2417 nihil
316 2347 434 2418 lortius
456 2370 527 2418 esse
545 2355 657 2439 queat,
675 2351 870 2440 sapientiam
894 2357 952 2420 aut
968 2360 1107 2442 φρόνησιν,
1122 2349 1223 2425 confi,-

211 2480 332 2544 tenlur.
356 2448 396 2541 El
415 2474 567 2564 quamvis
585 2475 821 2545 maximlcurd
835 2484 988 2564 ἐπιστήμην
1004 2485 1177 2566 θεωρητικήν
1190 2483 1223 2547 el

211 2608 336 2690 φρόνησιν
351 2611 506 2689 πρακτικήν
520 2605 657 2683 conetur
666 2601 865 2685 discernere,
877 2608 988 2672 tamen
998 2602 1136 2672 cuilibet
1147 2623 1222 2693 pro

211 2726 286 2817 piris
315 2746 387 2795 rem
409 2713 596 2815 inspicienti
635 2747 712 2796 cum
739 2725 872 2796 Socrate
890 2728 1024 2797 tandem
1038 2735 1071 2797 et
1090 2727 1223 2797 Platone

211 2850 280 2940 ipse
294 2850 480 2920 consentire
494 2850 659 2920 videbitur
675 2877 682 2917 :
699 2844 900 2942 nequeenim
911 2853 1059 2923 Socrates
1067 2854 1108 2922 de
1117 2853 1222 2923 scien-

203 2975 255 3043 ·tia
280 2974 388 3044 soldm
411 2974 601 3054 theoretica,
632 2975 691 3044 sed
705 2975 746 3045 de
766 2976 927 3066 sapientie
944 2984 1039 3066 λόγῳ
1060 2984 1108 3047 καὶ
1132 2984 1222 3066 ἔργῳ

210 3101 389 3179 eminente,
409 3100 536 3191 agebat.
556 3100 746 3170 Aristoteles
760 3100 864 3192 igitur
877 3109 910 3172 et
921 3102 1068 3173 Socrates
1078 3102 1121 3170 ad
1131 3101 1220 3170 idem

210 3245 323 3307 rerum
351 3225 485 3294 culmen
507 3225 664 3310 tendunt;
685 3226 722 3294 in
734 3228 796 3296 hoc
815 3227 1017 3317 discrepant,
1035 3227 1221 3317 quddalter

209 3349 353 3421 liberum
391 3352 567 3420 arbitrium
606 3355 744 3443 prorsds
784 3359 905 3443 negat,
942 3352 1027 3422 alter
1060 3358 1137 3422 vero
1172 3353 1220 3421 al-

209 3476 331 3545 firmat.
1156 3464 1162 3473 ’

248 3601 361 3680 <Quare
375 3603 512 3693 dignum
524 3610 584 3685 est,
603 3603 657 3674 cui
669 3603 818 3674 animum
834 3601 1054 3681 attendamus,
1073 3602 1221 3700 primum

208 3724 292 3794 illud
307 3732 561 3797 monumentum
574 3728 670 3817 quasi
684 3728 841 3798 adversus
854 3727 1023 3814 vulgarem
1033 3725 1221 3816 opinionem

210 3856 370 3933 erectum,
394 3853 538 3922 Platonis
564 3853 693 3942 Hippios
720 3854 835 3924 Minor.
857 3853 894 3920 ln
910 3873 988 3940 quo
1005 3850 1158 3921 sublimis
1178 3850 1221 3920 si·

210 3977 281 4043 mul
300 3983 333 4047 et
353 3977 489 4048 subtilis
517 3980 647 4048 ridetur
671 3982 767 4049 bonus
786 3979 845 4048 ille
866 3978 1028 4064 Socrates,
1052 3983 1091 4046 ut
1114 3977 1217 4046 aiunt.

209 4100 312 4179 Quem
338 4102 506 4193 dialogum
531 4105 589 4194 qui
616 4106 732 4196 legerit
753 4113 785 4175 et
804 4092 905 4196 'plane
930 4102 1139 4184 intellexerit,
1163 4103 1221 4173 ille

209 4228 415 4299 verissimam
431 4231 573 4302 Socratis
587 4233 765 4321 imaginem
781 4243 893 4305 mente
911 4232 1084 4324 concipiet,
1108 4230 1221 4301 Socra·
