2990 4918
295 501 358 552 stru
372 501 659 554 suntinimicorum
675 500 801 552 tmuauu
814 496 1169 552 manumittendum.
1213 498 1245 548 to

234 637 415 719 σωφρωσύνην
429 635 460 696 ού
474 632 626 719 διύριζεν“;
643 656 659 694 ν
674 627 791 697 idest:
805 627 983 703 scientiam
992 634 1024 697 et
1032 627 1133 696 uitam
1143 624 1245 695 scien·

232 745 277 814 tid
299 752 515 836 temperatam
544 768 610 814 non
631 745 851 827 discernebam
879 783 921 796 -
946 744 1034 833 quod
1059 764 1126 812 non
1148 741 1244 812 intel-

231 860 382 931 lexerunt
394 862 604 952 interpretes,
621 861 678 950 qui
690 861 771 950 quid
786 861 829 929 sit
840 862 910 930 haec
922 859 1151 949 temperantia,
1172 880 1245 949 quae

231 987 389 1065 σωφροσύνη
411 979 614 1058 nominatur,
632 979 772 1048 minime
785 986 901 1048 notum
923 980 1057 1049 habent.
1078 977 1139 1045 Per
1152 982 1244 1063 σοφίαν

232 1094 355 1163 scilicet
377 1095 524 1178 scientia,
545 1116 604 1163 seu
621 1103 778 1187 θεωρητικὴ
799 1103 949 1182 ἐπιστήμη,
967 1095 1169 1185 designatur,
1187 1113 1245 1182 per

231 1232 331 1300 quam
347 1210 427 1299 quid
443 1211 607 1301 optimum
630 1210 673 1280 sit
688 1232 822 1280 cernere
835 1217 898 1298 est;
915 1233 974 1302 per
988 1217 1161 1300 σωφροσύνην
1172 1214 1247 1278 vero

231 1326 296 1395 rita
311 1326 431 1395 rationi
445 1334 677 1411 consentanea,
696 1327 764 1396 sive
777 1328 916 1417 ’πρακτικὴ
931 1334 1028 1416 ἀρετή,
1044 1326 1246 1415 designatur,

233 1463 305 1529 qua
324 1443 359 1512 in
377 1442 611 1531 cupiditatibus
626 1443 755 1512 ratione
781 1451 814 1513 et
838 1443 1007 1512 uoluntate
1022 1439 1247 1531 temperandis

233 1565 367 1648 apparet
382 1564 416 1629 et
439 1559 606 1648 praelucet.
626 1559 688 1637 Qui
706 1559 795 1627 euim
814 1567 897 1646 σοφός
917 1564 979 1637 est,
996 1558 1120 1647 optima
1134 1556 1245 1634 novit3

232 1673 377 1763 quivero
391 1685 517 1764 σύφρων,
531 1675 655 1766 optima
666 1675 778 1756 efficit,
795 1681 910 1765 utpote
924 1675 981 1765 qui
998 1678 1051 1742 sui
1065 1695 1201 1764 compos
1215 1679 1249 1740 et

234 1790 419 1860 moderator
432 1791 564 1859 fruatur
576 1795 615 1860 ea
635 1791 799 1871 libertate,
817 1813 918 1880 quam
938 1789 1043 1859 solam
1067 1790 1102 1859 in
1121 1810 1181 1858 nos
1196 1809 1248 1858 ca·

234 1905 309 1977 dere
332 1900 480 1976 Socrates
509 1898 718 1976 arbitratur¹.
742 1907 834 1988 Quod
859 1905 1022 1998 liquidius
1037 1907 1137 1976 etiam
1156 1928 1176 1978 e
1198 1928 1249 1976 se·

206 2020 597 2115 ''quentibus‘apparebit
614 2049 682 2089 :—
697 2020 714 2089 ἰι
729 2032 832 2114 Σοφίαν
848 2032 879 2093 δὲ
901 2030 948 2092 καὶ
970 2032 1142 2114 σωφροσύνην
1156 2029 1186 2093 σύ
1207 2031 1249 2091 δι-

234 2151 340 2230 ώριζεν,
359 2148 439 2210 ἀλλὰ
452 2154 492 2228 τῷ
506 2149 541 2211 τὰ
551 2147 601 2224 μὲν
615 2151 695 2211 καλά
710 2171 743 2211 τε
758 2149 804 2221 οιαὶ
818 2122 916 2230 ἀγαθὰ.
925 2151 1114 2230 γιγνώσκοντα
1129 2149 1249 2230 χρῆσθαι

235 2263 328 2336 αὐτοῖς
343 2264 392 2328 οιαὶ
404 2270 445 2344 τῷ
456 2265 491 2326 τὰ
507 2265 609 2346 αἰσχρὰ
623 2263 714 2328 εἰδότα
727 2265 905 2328 εὐλαύεῖαθαι
918 2267 1000 2347 σοφόν
1013 2287 1045 2327 τε
1061 2264 1109 2327 καί
1121 2268 1248 2347 σώφρονα

205 2374 208 2381 ’
234 2379 336 2462 ἔκρινε.
360 2407 373 2441 ο
398 2412 443 2424 -
464 2374 548 2462 Ergo
566 2374 684 2464 optimi
710 2375 845 2444 scientia
869 2381 902 2445 et
923 2396 1005 2446 usus
1031 2374 1123 2444 nullo
1150 2375 1248 2445 modo

234 2490 378 2583 separari
397 2488 547 2581 possunt,
571 2496 670 2578 atque
691 2490 793 2560 altera
815 2513 869 2560 res
895 2491 1032 2560 alteram
1058 2491 1155 2581 quasi
1178 2490 1250 2559 rin·

234 2606 308 2676 culo
318 2605 421 2676 trahit
434 2605 655 2690 indissolubili
668 2634 675 2686 3
691 2606 765 2675 vide
784 2607 872 2675 enim
892 2610 992 2695 quam
1007 2610 1095 2691 arcte
1105 2609 1249 2698 jungan-

233 2728 289 2792 tur
308 2728 342 2794 et
361 2743 459 2792 causa
481 2720 628 2791 efficiens
660 2730 692 2791 et
717 2723 856 2794 effectus
885 2742 1091 2811 consequens
1117 2748 1125 2788 ε
1152 2749 1169 2786 ιι
1192 2732 1249 2791 Γι-

226 2832 433 2926 ’γνώσαοντα
451 2822 618 2926 χρῆσθαι,
635 2845 749 2908 εἰδότα
771 2845 1008 2925 εὐλαόεῖσύαι,
1029 2848 1133 2927 σοφόν
1154 2846 1250 2909 τεκαὶ

201 2976 208 2985 “
235 2964 400 3044 σύφρονα.
420 2981 437 3019 »
452 2955 539 3023 Talia
550 2957 626 3023 vero
639 2953 680 3022 de
696 2954 832 3023 scientia
846 2954 1008 3025 etrirtute
1019 2954 1171 3024 instituta
1187 2965 1250 3023 sta·

235 3070 294 3138 tim
307 3072 418 3139 locum
434 3070 554 3139 dabant
572 3075 611 3139 ut
636 3069 780 3138 liberum
801 3070 946 3139 hominis
966 3070 1143 3142 arbitrium
1167 3071 1250 3161 obji-

235 3194 379 3256 ceretur.
399 3187 492 3266 Quod
514 3190 628 3257 revera
641 3185 765 3254 Socrati
782 3186 947 3276 objectum
964 3211 1051 3276 esse,
1072 3195 1156 3258 teste
1177 3189 1250 3279 qui-

236 3303 311 3372 dem
326 3304 549 3394 Xenophonte,
566 3302 721 3372 certiores
737 3321 854 3371 sumus
871 3329 879 3368 z
898 3342 939 3354 —
957 3328 970 3361 ν
994 3315 1252 3395 Προσερωτύμσνος

236 3427 266 3488 δὲ
281 3427 306 3490 εἰ
317 3426 380 3501 τοὺς
392 3427 589 3509 ἐπισταμένως
601 3427 653 3504 μὲν
664 3427 735 3488 doci
745 3428 886 3508 eupatorem,
903 3431 1048 3501 ποιοῦντας
1063 3429 1094 3491 δὲ
1107 3428 1248 3507 τάναντία,

236 3545 334 3623 σοφούς
341 3565 373 3607 τε
386 3542 433 3605 καὶ
447 3543 593 3627 ἐγκρατεῖς
606 3536 675 3605 εἶναι
686 3542 802 3619 νομίζοι.
811 3587 834 3602 ..
845 3561 862 3599 u
874 3575 918 3587 —
930 3536 993 3605 Res
1008 3538 1141 3627 quidem
1156 3558 1250 3605 exac-

236 3651 376 3720 tissimis
399 3652 521 3735 verbis
547 3658 584 3719 ut
607 3657 706 3741 patet,
736 3651 861 3719 Socrati
876 3649 1052 3739 objicitur:
1071 3652 1250 3722 suntenim

238 3767 294 3855 qui
314 3767 459 3854 quotidie
482 3767 631 3835 dictitent
657 3767 779 3835 multos
801 3766 939 3858 reperiri
962 3769 1035 3857 ejus
1058 3767 1192 3848 indolis,
1213 3774 1252 3835 ut

238 3883 362 3971 optima
376 3888 587 3973 cognoscant,
604 3881 765 3951 contraria
788 3885 863 3949 vert
883 3904 949 3951 usu
966 3889 1140 3976 praestent3
1163 3883 1251 3975 quod

239 4000 383 4067 maxime
400 3999 539 4069 Socratis
561 3998 728 4087 proposito
751 3995 953 4066 adversatur.
972 4000 1057 4068 Num
1076 4007 1186 4069 autem
1201 4020 1251 4067 re·

269 4194 278 4226 ¹

270 4272 281 4303 ¹
293 4196 376 4330 mii
385 4195 552 4339 οΙιΙίΙααῗύροίαί
565 4273 705 4323 libertatem
718 4270 803 4321 eodem
814 4284 888 4321 sensu
899 4273 1063 4337 appellabant.
