2990 4918
243 567 309 619 SIVE
325 567 485 620 suculllcl
497 565 611 620 CONTRA
624 566 753 618 blatum!
766 567 925 620 intumult
942 567 1124 620 lbuululttt.
1160 568 1189 618 m

184 701 272 780 μάτην
284 696 370 764 εἶναι.
387 700 441 764 Διὰ
451 698 497 781 τίς
512 701 555 766 ὅτι
569 698 616 764 ἐπὶ
629 704 685 764 τῶν
696 700 853 779 ἐπιστημῶν
866 700 1005 778 mutatum
1017 702 1076 779 tua
1091 698 1192 762 εἰδέναι

170 818 235 897 τὴν
249 816 402 899 ἐπιστήμην
424 817 452 880 at
470 816 527 880 tusa
542 814 590 879 καὶ
606 810 676 880 εἶναι
697 817 877 896 ἐπιστήμονα·
897 818 923 880 εἰ
936 817 993 899 γὰρ
1013 816 1136 899 ἰατρικήν
1152 836 1194 888 τις

184 929 244 996 οἶδε
252 934 279 996 τί
293 934 377 1008 ἐστιν,
392 930 441 997 καὶ
450 931 544 1016 ἰατρὸς
557 927 637 1006 οὗτος
648 931 753 1007 εὐθέως
767 932 852 1012 ἐστίν,
868 933 970 1012 ὁμοίως
984 933 1015 994 st
1025 933 1073 994 καὶ
1083 931 1127 994 ἐπὶ
1139 936 1194 994 τῶν

188 1048 287 1112 ἄλλων
300 1051 471 1128 ἐπιστημῶν.
488 1042 576 1110 Ἀλλ’
597 1047 649 1112 οὔκ
661 1048 707 1112 ἐπὶ
719 1054 774 1111 τῶν
786 1049 892 1131 ἀρετῶν
906 1053 987 1112 τοῦτο
999 1048 1148 1126 ου’μόοιίνει·
1163 1045 1195 1109 οὖ

183 1165 239 1248 γὰρ
254 1164 332 1238 εἴτις
345 1161 403 1228 οἶδε
418 1165 470 1246 τὴν
485 1165 657 1243 δικαιοσύνην
672 1164 699 1228 τί
711 1166 796 1244 ἐστιν,
815 1163 918 1238 εὐθέως
938 1165 1042 1239 δίκαιός
1059 1165 1143 1243 ἐστιν,
1157 1144 1197 1237 ῶς

185 1280 211 1342 δ’
226 1280 317 1354 αὔτως
332 1280 402 1355 κάπὶ
417 1280 602 1344 τῶνᾶλλων.
626 1282 773 1360 Συμοοίνει
787 1275 834 1343 οὖν
854 1279 901 1343 uati
915 1282 1005 1360 μάτην
1027 1281 1078 1354 τὰς
1098 1279 1199 1362 ἀρετὰς

147 1470 151 1478 ¹
187 1391 258 1457 εἶναι
271 1397 423 1478 ἐπιστήμας
431 1393 456 1457 ¹.
472 1416 490 1457 u
504 1388 661 1478 Intelligit
673 1388 862 1460 Aristoteles
876 1410 937 1458 nee
951 1388 1123 1458 seientiam
1135 1410 1197 1458 nec

188 1505 341 1575 uirtutem
368 1506 468 1576 suum
495 1506 714 1596 sibimetipsis
738 1505 838 1575 finem
863 1527 950 1576 esse.
974 1506 1086 1595 Neque
1110 1506 1199 1574 enim

189 1623 312 1708 seimus
333 1629 373 1691 ut
391 1616 547 1702 sciamus,
572 1624 631 1692 sed
649 1629 688 1692 ut
700 1643 855 1712 agamus3
876 1642 983 1713 neque
1001 1621 1101 1691 etiam
1116 1622 1201 1691 aetio

190 1738 247 1807 illa
267 1760 339 1829 quae
358 1738 493 1810 nitendo
511 1745 544 1809 et
558 1738 736 1809 laborando
752 1738 789 1808 et
808 1736 904 1827 quasi
919 1738 1095 1830 pugnando
1111 1759 1202 1807 exer-

190 1861 294 1933 cetur,
313 1854 377 1923 sibi
390 1855 462 1946 ipsa
475 1854 616 1924 suffieit:
632 1855 821 1945 pacisenim
835 1858 933 1924 eausa
944 1854 1198 1945 belligeramus:

193 1977 378 2057 Πρλεμοῠμεν
392 1979 437 2040 ἵνα
453 1978 563 2061 εἰρήνην
577 1978 703 2060 ἄγωμεν.
722 1981 785 2041 Τῶν
799 1979 850 2058 μὲν
864 1973 910 2041 οὖν
926 1983 1085 2061 πρακτικῶν
1099 1977 1204 2060 ἀρετῶν

193 2093 299 2166 ἐντοῖς
321 2095 476 2167 πολιτικοῖς
493 2096 513 2171 ἢ
529 2099 586 2168 τοῖς
605 2084 774 2175 πολεμικοῖς
796 2094 825 2156 αἱ
850 2092 1018 2177 ὲνέργειοΰ.
1044 2086 1204 2155 Virtutem

197 2203 301 2293 igitur
314 2206 455 2273 colimus
470 2211 509 2273 ut
518 2205 605 2297 beati
615 2205 733 2284 simus,
748 2194 990 2295 summumque
1000 2205 1124 2273 bunum
1139 2223 1205 2271 uun

195 2320 267 2410 ipsa
286 2321 391 2390 uirtus
412 2327 474 2412 est,
494 2322 551 2390 sed
570 2321 722 2391 felicitas.
737 2321 820 2412 Ergb
838 2321 966 2412 aliquid
989 2323 1076 2390 ultra
1101 2319 1207 2390 seien-

195 2436 275 2506 tiam
291 2444 325 2506 et
338 2437 425 2506 ultra
442 2437 599 2507 virtutem
620 2437 811 2528 quaerimus,
837 2439 925 2527 quod
947 2438 976 2507 si
999 2437 1205 2527 propositum

196 2562 384 2633 amasset,
412 2553 482 2644 jam
511 2554 648 2623 scientia
675 2560 709 2622 et
729 2553 836 2623 uirtus
861 2555 985 2622 trustra
1012 2574 1094 2633 esse,
1118 2562 1208 2639 μάτην

197 2671 277 2748 εἶναι,
295 2676 328 2739 et
348 2669 413 2739 fine
427 2692 488 2740 suo
501 2690 612 2740 carere
628 2668 829 2739 uiderentur.
851 2668 997 2739 Socrates
1010 2672 1086 2738 verb
1105 2667 1208 2738 uirtu-
1284 2731 1287 2735 .

197 2791 276 2864 tem,
295 2807 369 2875 quae
391 2786 486 2876 quasi
511 2787 620 2856 media
640 2787 682 2856 ad
707 2785 865 2857 ultimum
892 2785 1004 2865 finem,
1034 2806 1207 2883 summum

199 2901 324 2972 scilieet
331 2903 469 2983 bunum,
479 2903 677 2974 eouuiteudu
684 2910 717 2973 et
729 2902 901 2974 militando
911 2901 1028 2983 tendit,
1045 2901 1209 2993 cumipse

199 3040 330 3109 summu
346 3019 433 3088 boue
443 3026 476 3116 et
487 3041 651 3112 supremae
663 3020 830 3091 felicitatis
841 3018 932 3112 paee,
949 3020 1083 3089 omninb
1094 3018 1210 3088 eoulu-

199 3134 259 3202 dit.
272 3134 383 3225 Neque
396 3135 485 3205 enim
501 3137 538 3205 in
553 3136 625 3206 ullu
639 3131 819 3208 dialecticae
833 3136 950 3227 gradu,
962 3157 1061 3225 quem
1077 3134 1211 3225 quidem

199 3249 305 3320 virtus
323 3259 472 3343 occupat,
493 3253 603 3322 omnia
622 3255 706 3322 boua
726 3253 762 3321 in
780 3275 887 3322 uuum
910 3257 1115 3342 congruunt:
1141 3250 1212 3340 ipsa

201 3366 307 3436 virtus
321 3366 449 3456 aliquid
459 3367 577 3458 duplex
589 3376 623 3438 et
637 3390 756 3460 auceps
766 3370 875 3447 habet,
888 3375 1091 3456 ἀμφίλογόντι,
1107 3388 1214 3456 quum

201 3486 286 3572 saepe
300 3481 416 3571 priuati
432 3484 510 3551 boui
519 3506 595 3552 eum
610 3460 788 3553 communi
797 3483 941 3553 utilitate
953 3482 1112 3573 oppositio
1126 3503 1214 3570 quae·

203 3596 279 3665 dam
296 3598 503 3668 interveniat.
520 3601 625 3678 Quare
638 3601 744 3671 uirtus
763 3622 824 3692 pro
845 3580 1022 3690 mriltipliei
1039 3605 1073 3669 et
1093 3598 1215 3689 imper·
1276 3647 1280 3654 -

202 3713 287 3782 seete
306 3713 391 3783 bonu
406 3714 519 3785 baberi
534 3715 647 3801 debet3
671 3718 704 3801 in
717 3716 834 3786 altiore
845 3723 955 3785 autem
975 3715 1080 3805 gradu
1092 3715 1216 3784 eminet

204 3833 237 3896 et
259 3827 359 3898 lueet.
376 3852 545 3900 summum
567 3831 652 3900 illud
678 3833 816 3919 bunum,
844 3832 932 3921 quod
956 3831 1014 3921 qui
1036 3830 1216 3900 certissima
1316 3882 1322 3891 .

206 3945 342 4014 seientia
365 3947 498 4027 tenebit,
519 3947 605 4016 idem
630 3947 831 4019 immutabili
856 3969 967 4017 amore
988 3970 1027 4016 ae
1050 3946 1217 4016 uoluntate

239 4222 248 4254 ¹
264 4221 283 4280 l,
296 4237 314 4279 1,
327 4190 377 4274 26.1
420 4203 424 4210 ’
447 4176 451 4189 ¹

237 4300 248 4330 ²
265 4301 323 4352 Era.
334 4301 395 4353 Nic..
411 4302 438 4359 X,
457 4317 498 4352 νιν.
