<?xml version="1.0" encoding="UTF-8"?>
<!DOCTYPE html PUBLIC "-//W3C//DTD XHTML 1.0 Transitional//EN"
    "http://www.w3.org/TR/xhtml1/DTD/xhtml1-transitional.dtd">
<html xmlns="http://www.w3.org/1999/xhtml" xml:lang="en" lang="en">
 <head>
  <title>
</title>
<meta http-equiv="Content-Type" content="text/html;charset=utf-8" />
  <meta name='ocr-system' content='tesseract 3.04.00' />
  <meta name='ocr-capabilities' content='ocr_page ocr_carea ocr_par ocr_line ocrx_word'/>
</head>
<body>
  <div class='ocr_page' id='page_1' title='image "./platonishippias00fouigoog_0021.png"; bbox 0 0 2990 4918; ppageno 0'>
   <div class='ocr_carea' id='block_1_1' title="bbox 262 500 1215 556">
    <p class='ocr_par' dir='ltr' id='par_1_1' title="bbox 262 500 1215 556">
     <span class='ocr_line' id='line_1_1' title="bbox 262 500 1215 556; baseline 0 -3"><span class='ocrx_word' id='word_1_1' title='bbox 262 502 325 553; x_wconf 77' lang='lat' dir='ltr'><strong>SIVE</strong></span> <span class='ocrx_word' id='word_1_2' title='bbox 341 503 499 555; x_wconf 79' lang='lat' dir='ltr'><strong>socnlrlca</strong></span> <span class='ocrx_word' id='word_1_3' title='bbox 515 501 631 554; x_wconf 77' lang='lat' dir='ltr'><strong>cunrat</strong></span> <span class='ocrx_word' id='word_1_4' title='bbox 645 500 774 554; x_wconf 72' lang='lat' dir='ltr'><strong>trenno!</strong></span> <span class='ocrx_word' id='word_1_5' title='bbox 790 501 950 554; x_wconf 68' lang='lat' dir='ltr'><strong>landuloni</strong></span> <span class='ocrx_word' id='word_1_6' title='bbox 966 503 1150 556; x_wconf 69' lang='lat' dir='ltr'><strong>ARGUMENTA.</strong></span> <span class='ocrx_word' id='word_1_7' title='bbox 1199 504 1215 553; x_wconf 77' lang='lat'>0</span> 
     </span>
    </p>
   </div>
   <div class='ocr_carea' id='block_1_2' title="bbox 19 606 1299 3973">
    <p class='ocr_par' dir='ltr' id='par_1_2' title="bbox 186 606 1299 1186">
     <span class='ocr_line' id='line_1_2' title="bbox 186 606 1215 722; baseline 0.002 -24"><span class='ocrx_word' id='word_1_8' title='bbox 186 606 349 718; x_wconf 56' lang='lat' dir='ltr'><strong>*ejusdem</strong></span> <span class='ocrx_word' id='word_1_9' title='bbox 361 631 465 699; x_wconf 87' lang='lat' dir='ltr'><strong>aetatis</strong></span> <span class='ocrx_word' id='word_1_10' title='bbox 479 630 696 722; x_wconf 85' lang='lat' dir='ltr'><strong>phdosopbus</strong></span> <span class='ocrx_word' id='word_1_11' title='bbox 719 638 776 700; x_wconf 90' lang='lat' dir='ltr'><strong>aut</strong></span> <span class='ocrx_word' id='word_1_12' title='bbox 799 632 947 701; x_wconf 74' lang='lat' dir='ltr'><strong>rhetort.</strong></span> <span class='ocrx_word' id='word_1_13' title='bbox 975 630 1215 700; x_wconf 88' lang='lat' dir='ltr'><strong>Stallbaumius</strong></span> 
     </span>
     <span class='ocr_line' id='line_1_3' title="bbox 201 746 1215 840; baseline 0 -23"><span class='ocrx_word' id='word_1_14' title='bbox 201 746 334 817; x_wconf 85' lang='lat' dir='ltr'><strong>tandem</strong></span> <span class='ocrx_word' id='word_1_15' title='bbox 350 769 521 817; x_wconf 90' lang='lat' dir='ltr'><strong>summum</strong></span> <span class='ocrx_word' id='word_1_16' title='bbox 536 749 706 840; x_wconf 89' lang='lat' dir='ltr'><strong>scriptoris</strong></span> <span class='ocrx_word' id='word_1_17' title='bbox 719 747 898 817; x_wconf 89' lang='lat' dir='ltr'><strong>consilium</strong></span> <span class='ocrx_word' id='word_1_18' title='bbox 916 747 1021 817; x_wconf 85' lang='lat' dir='ltr'><strong>luisse</strong></span> <span class='ocrx_word' id='word_1_19' title='bbox 1033 755 1126 836; x_wconf 89' lang='lat' dir='ltr'><strong>putat</strong></span> <span class='ocrx_word' id='word_1_20' title='bbox 1143 774 1159 812; x_wconf 81' lang='grc'><strong>11</strong></span> <span class='ocrx_word' id='word_1_21' title='bbox 1179 754 1215 816; x_wconf 89' lang='lat' dir='ltr'><strong>ut</strong></span> 
     </span>
     <span class='ocr_line' id='line_1_4' title="bbox 203 863 1216 954; baseline 0.005 -27"><span class='ocrx_word' id='word_1_22' title='bbox 203 888 220 927; x_wconf 82' lang='grc'><strong>11</strong></span> <span class='ocrx_word' id='word_1_23' title='bbox 245 863 369 954; x_wconf 81' lang='lat' dir='ltr'><strong>Hippiae</strong></span> <span class='ocrx_word' id='word_1_24' title='bbox 384 864 540 953; x_wconf 88' lang='lat' dir='ltr'><strong>sophistae</strong></span> <span class='ocrx_word' id='word_1_25' title='bbox 558 866 685 934; x_wconf 83' lang='lat' dir='ltr'><strong>vanitas</strong></span> <span class='ocrx_word' id='word_1_26' title='bbox 710 871 808 954; x_wconf 88' lang='lat' dir='ltr'><strong>atque</strong></span> <span class='ocrx_word' id='word_1_27' title='bbox 827 863 945 933; x_wconf 88' lang='lat' dir='ltr'><strong>inertia</strong></span> <span class='ocrx_word' id='word_1_28' title='bbox 966 870 1135 952; x_wconf 80' lang='lat' dir='ltr'>arguatur,</span> <span class='ocrx_word' id='word_1_29' title='bbox 1158 863 1216 953; x_wconf 93' lang='lat' dir='ltr'><strong>qui</strong></span> 
     </span>
     <span class='ocr_line' id='line_1_5' title="bbox 203 980 1299 1071; baseline 0.004 -28"><span class='ocrx_word' id='word_1_30' title='bbox 203 1005 220 1044; x_wconf 81' lang='grc'><strong>1</strong></span> <span class='ocrx_word' id='word_1_31' title='bbox 245 986 457 1070; x_wconf 81' lang='lat' dir='ltr'><strong>posteaquam</strong></span> <span class='ocrx_word' id='word_1_32' title='bbox 468 981 663 1071; x_wconf 80' lang='lat' dir='ltr'><strong>sapientiam</strong></span> <span class='ocrx_word' id='word_1_33' title='bbox 679 1002 774 1049; x_wconf 91' lang='lat' dir='ltr'><strong>suam</strong></span> <span class='ocrx_word' id='word_1_34' title='bbox 781 980 915 1069; x_wconf 86' lang='lat' dir='ltr'><strong>jactavit</strong></span> <span class='ocrx_word' id='word_1_35' title='bbox 929 980 1083 1065; x_wconf 86' lang='lat' dir='ltr'><strong>mirifice,</strong></span> <span class='ocrx_word' id='word_1_36' title='bbox 1099 980 1156 1049; x_wconf 96' lang='lat' dir='ltr'><strong>ubi</strong></span> <span class='ocrx_word' id='word_1_37' title='bbox 1175 980 1216 1048; x_wconf 93' lang='lat' dir='ltr'><strong>ad</strong></span> <span class='ocrx_word' id='word_1_38' title='bbox 1295 1006 1299 1017; x_wconf 60' lang='lat'>¹</span> 
     </span>
     <span class='ocr_line' id='line_1_6' title="bbox 204 1083 1217 1186; baseline 0.006 -27"><span class='ocrx_word' id='word_1_39' title='bbox 204 1120 220 1159; x_wconf 88' lang='lat'>«</span> <span class='ocrx_word' id='word_1_40' title='bbox 246 1103 428 1166; x_wconf 84' lang='lat' dir='ltr'><strong>extremum</strong></span> <span class='ocrx_word' id='word_1_41' title='bbox 452 1104 660 1181; x_wconf 83' lang='lat' dir='ltr'><strong>rentumest,</strong></span> <span class='ocrx_word' id='word_1_42' title='bbox 674 1117 716 1166; x_wconf 92' lang='lat' dir='ltr'><strong>ne</strong></span> <span class='ocrx_word' id='word_1_43' title='bbox 730 1098 817 1165; x_wconf 90' lang='lat' dir='ltr'><strong>leves</strong></span> <span class='ocrx_word' id='word_1_44' title='bbox 839 1095 973 1186; x_wconf 93' lang='lat' dir='ltr'><strong>quidem</strong></span> <span class='ocrx_word' id='word_1_45' title='bbox 989 1097 1066 1165; x_wconf 89' lang='lat' dir='ltr'><strong>istas</strong></span> <span class='ocrx_word' id='word_1_46' title='bbox 1085 1083 1217 1166; x_wconf 86' lang='lat' dir='ltr'><strong>conclu·</strong></span> 
     </span>
    </p>

    <p class='ocr_par' dir='ltr' id='par_1_3' title="bbox 19 1182 1223 3503">
     <span class='ocr_line' id='line_1_7' title="bbox 19 1182 1217 1307; baseline 0.005 -33"><span class='ocrx_word' id='word_1_47' title='bbox 19 1182 21 1227; x_wconf 58' lang='lat'><em>³</em></span> <span class='ocrx_word' id='word_1_48' title='bbox 121 1296 127 1307; x_wconf 28' lang='lat'>¹</span> <span class='ocrx_word' id='word_1_49' title='bbox 203 1236 220 1274; x_wconf 82' lang='grc'><strong>11</strong></span> <span class='ocrx_word' id='word_1_50' title='bbox 245 1212 416 1281; x_wconf 90' lang='lat' dir='ltr'><strong>siunculas</strong></span> <span class='ocrx_word' id='word_1_51' title='bbox 430 1213 581 1283; x_wconf 82' lang='lat' dir='ltr'>refellere</span> <span class='ocrx_word' id='word_1_52' title='bbox 601 1220 718 1303; x_wconf 88' lang='lat' dir='ltr'><strong>potest,</strong></span> <span class='ocrx_word' id='word_1_53' title='bbox 746 1212 868 1302; x_wconf 92' lang='lat' dir='ltr'><strong>quibus</strong></span> <span class='ocrx_word' id='word_1_54' title='bbox 884 1233 959 1280; x_wconf 89' lang='lat' dir='ltr'><strong>eum</strong></span> <span class='ocrx_word' id='word_1_55' title='bbox 983 1211 1132 1283; x_wconf 85' lang='lat' dir='ltr'><strong>Socrates</strong></span> <span class='ocrx_word' id='word_1_56' title='bbox 1144 1219 1217 1281; x_wconf 89' lang='lat' dir='ltr'><strong>tan·</strong></span> 
     </span>
     <span class='ocr_line' id='line_1_8' title="bbox 202 1327 1218 1420; baseline 0.004 -27"><span class='ocrx_word' id='word_1_57' title='bbox 202 1352 219 1393; x_wconf 84' lang='lat' dir='ltr'><strong>a</strong></span> <span class='ocrx_word' id='word_1_58' title='bbox 246 1349 345 1418; x_wconf 91' lang='lat' dir='ltr'><strong>quam</strong></span> <span class='ocrx_word' id='word_1_59' title='bbox 360 1329 488 1420; x_wconf 90' lang='lat' dir='ltr'><strong>laqueis</strong></span> <span class='ocrx_word' id='word_1_60' title='bbox 503 1327 709 1418; x_wconf 89' lang='lat' dir='ltr'><strong>quibusdam·</strong></span> <span class='ocrx_word' id='word_1_61' title='bbox 721 1328 883 1418; x_wconf 90' lang='lat' dir='ltr'><strong>impedire</strong></span> <span class='ocrx_word' id='word_1_62' title='bbox 908 1328 1048 1398; x_wconf 83' lang='lat' dir='ltr'><strong>studuit.</strong></span> <span class='ocrx_word' id='word_1_63' title='bbox 1079 1354 1095 1393; x_wconf 89' lang='lat'>»</span> <span class='ocrx_word' id='word_1_64' title='bbox 1120 1327 1218 1398; x_wconf 80' lang='lat' dir='ltr'><strong>Addit</strong></span> 
     </span>
     <span class='ocr_line' id='line_1_9' title="bbox 201 1440 1217 1536; baseline 0.001 -23"><span class='ocrx_word' id='word_1_65' title='bbox 201 1450 312 1513; x_wconf 89' lang='lat' dir='ltr'><strong>tamen</strong></span> <span class='ocrx_word' id='word_1_66' title='bbox 325 1440 542 1514; x_wconf 90' lang='lat' dir='ltr'><strong>acutissimus</strong></span> <span class='ocrx_word' id='word_1_67' title='bbox 567 1444 754 1536; x_wconf 90' lang='lat' dir='ltr'><strong>interpres:</strong></span> <span class='ocrx_word' id='word_1_68' title='bbox 773 1470 789 1509; x_wconf 89' lang='lat'>«</span> <span class='ocrx_word' id='word_1_69' title='bbox 806 1446 1001 1533; x_wconf 84' lang='lat' dir='ltr'><strong>Quanquam</strong></span> <span class='ocrx_word' id='word_1_70' title='bbox 1018 1444 1102 1512; x_wconf 94' lang='lat' dir='ltr'><strong>illud</strong></span> <span class='ocrx_word' id='word_1_71' title='bbox 1127 1467 1217 1514; x_wconf 89' lang='lat' dir='ltr'><strong>sum-</strong></span> 
     </span>
     <span class='ocr_line' id='line_1_10' title="bbox 203 1560 1217 1651; baseline 0.008 -27"><span class='ocrx_word' id='word_1_72' title='bbox 203 1585 220 1624; x_wconf 82' lang='lat'>«</span> <span class='ocrx_word' id='word_1_73' title='bbox 247 1582 340 1628; x_wconf 91' lang='lat' dir='ltr'><strong>mum</strong></span> <span class='ocrx_word' id='word_1_74' title='bbox 351 1560 576 1649; x_wconf 88' lang='lat' dir='ltr'><strong>ultimumque</strong></span> <span class='ocrx_word' id='word_1_75' title='bbox 590 1561 962 1651; x_wconf 83' lang='lat' dir='ltr'><strong>scriptoris‘consilium</strong></span> <span class='ocrx_word' id='word_1_76' title='bbox 984 1560 1090 1631; x_wconf 86' lang='lat' dir='ltr'><strong>tuisse</strong></span> <span class='ocrx_word' id='word_1_77' title='bbox 1104 1584 1217 1633; x_wconf 87' lang='lat' dir='ltr'><strong>conoe-</strong></span> 
     </span>
     <span class='ocr_line' id='line_1_11' title="bbox 204 1675 1218 1766; baseline 0.009 -27"><span class='ocrx_word' id='word_1_78' title='bbox 204 1700 221 1739; x_wconf 84' lang='grc'><strong>11</strong></span> <span class='ocrx_word' id='word_1_79' title='bbox 247 1675 392 1745; x_wconf 89' lang='lat' dir='ltr'><strong>dendum</strong></span> <span class='ocrx_word' id='word_1_80' title='bbox 406 1685 468 1765; x_wconf 86' lang='lat' dir='ltr'><strong>est,</strong></span> <span class='ocrx_word' id='word_1_81' title='bbox 480 1685 592 1746; x_wconf 88' lang='lat' dir='ltr'><strong>tamen</strong></span> <span class='ocrx_word' id='word_1_82' title='bbox 601 1677 767 1745; x_wconf 85' lang='lat' dir='ltr'><strong>Platonem</strong></span> <span class='ocrx_word' id='word_1_83' title='bbox 783 1676 885 1746; x_wconf 93' lang='lat' dir='ltr'><strong>simul</strong></span> <span class='ocrx_word' id='word_1_84' title='bbox 895 1676 986 1746; x_wconf 90' lang='lat' dir='ltr'><strong>aliud</strong></span> <span class='ocrx_word' id='word_1_85' title='bbox 998 1677 1155 1766; x_wconf 89' lang='lat' dir='ltr'><strong>quiddam</strong></span> <span class='ocrx_word' id='word_1_86' title='bbox 1169 1700 1218 1748; x_wconf 90' lang='lat' dir='ltr'><strong>se-</strong></span> 
     </span>
     <span class='ocr_line' id='line_1_12' title="bbox 205 1791 1219 1883; baseline 0.006 -26"><span class='ocrx_word' id='word_1_87' title='bbox 205 1820 221 1858; x_wconf 85' lang='lat'>«</span> <span class='ocrx_word' id='word_1_88' title='bbox 247 1799 360 1862; x_wconf 89' lang='lat' dir='ltr'><strong>cutum</strong></span> <span class='ocrx_word' id='word_1_89' title='bbox 382 1813 455 1862; x_wconf 90' lang='lat' dir='ltr'><strong>csse</strong></span> <span class='ocrx_word' id='word_1_90' title='bbox 479 1791 573 1862; x_wconf 76' lang='lat' dir='ltr'><strong>facile</strong></span> <span class='ocrx_word' id='word_1_91' title='bbox 593 1792 853 1883; x_wconf 90' lang='lat' dir='ltr'><strong>suspicabuntur</strong></span> <span class='ocrx_word' id='word_1_92' title='bbox 876 1794 1031 1882; x_wconf 86' lang='lat' dir='ltr'><strong>quicum</strong></span> <span class='ocrx_word' id='word_1_93' title='bbox 1055 1803 1219 1865; x_wconf 89' lang='lat' dir='ltr'><strong>noverunt</strong></span> 
     </span>
     <span class='ocr_line' id='line_1_13' title="bbox 203 1909 1219 2002; baseline 0.005 -29"><span class='ocrx_word' id='word_1_94' title='bbox 203 1933 220 1973; x_wconf 81' lang='grc'><strong>11</strong></span> <span class='ocrx_word' id='word_1_95' title='bbox 247 1909 299 1978; x_wconf 84' lang='lat' dir='ltr'><strong>vel</strong></span> <span class='ocrx_word' id='word_1_96' title='bbox 324 1911 359 1976; x_wconf 92' lang='lat' dir='ltr'><strong>in</strong></span> <span class='ocrx_word' id='word_1_97' title='bbox 385 1913 517 1977; x_wconf 75' lang='lat' dir='ltr'><strong>summa</strong></span> <span class='ocrx_word' id='word_1_98' title='bbox 540 1909 726 1993; x_wconf 81' lang='lat' dir='ltr'>rhetorum,</span> <span class='ocrx_word' id='word_1_99' title='bbox 753 1909 972 1988; x_wconf 89' lang='lat' dir='ltr'><strong>sacerdotum,</strong></span> <span class='ocrx_word' id='word_1_100' title='bbox 996 1910 1219 2002; x_wconf 73' lang='lat' dir='ltr'><strong>sophistarum</strong></span> 
     </span>
     <span class='ocr_line' id='line_1_14' title="bbox 205 2025 1219 2121; baseline 0.006 -33"><span class='ocrx_word' id='word_1_101' title='bbox 205 2050 221 2089; x_wconf 81' lang='grc'><strong>11</strong></span> <span class='ocrx_word' id='word_1_102' title='bbox 246 2025 455 2113; x_wconf 89' lang='lat' dir='ltr'><strong>aliorumque</strong></span> <span class='ocrx_word' id='word_1_103' title='bbox 476 2026 649 2121; x_wconf 91' lang='lat' dir='ltr'><strong>hominum</strong></span> <span class='ocrx_word' id='word_1_104' title='bbox 665 2025 820 2094; x_wconf 87' lang='lat' dir='ltr'><strong>irrisione</strong></span> <span class='ocrx_word' id='word_1_105' title='bbox 840 2047 1012 2114; x_wconf 91' lang='lat' dir='ltr'><strong>nunquam</strong></span> <span class='ocrx_word' id='word_1_106' title='bbox 1027 2026 1133 2116; x_wconf 92' lang='lat' dir='ltr'><strong>ipsius</strong></span> <span class='ocrx_word' id='word_1_107' title='bbox 1146 2027 1219 2118; x_wconf 93' lang='lat' dir='ltr'><strong>phi-</strong></span> 
     </span>
     <span class='ocr_line' id='line_1_15' title="bbox 206 2141 1217 2233; baseline 0.005 -29"><span class='ocrx_word' id='word_1_108' title='bbox 206 2165 222 2204; x_wconf 86' lang='grc'><strong>11</strong></span> <span class='ocrx_word' id='word_1_109' title='bbox 248 2141 407 2231; x_wconf 85' lang='lat' dir='ltr'><strong>losophiae</strong></span> <span class='ocrx_word' id='word_1_110' title='bbox 433 2144 569 2232; x_wconf 82' lang='lat' dir='ltr'><strong>prorsus</strong></span> <span class='ocrx_word' id='word_1_111' title='bbox 593 2142 696 2211; x_wconf 87' lang='lat' dir='ltr'><strong>luisse</strong></span> <span class='ocrx_word' id='word_1_112' title='bbox 711 2142 953 2211; x_wconf 90' lang='lat' dir='ltr'><strong>immemorem.</strong></span> <span class='ocrx_word' id='word_1_113' title='bbox 983 2168 999 2207; x_wconf 78' lang='grc'><strong>11</strong></span> <span class='ocrx_word' id='word_1_114' title='bbox 1025 2141 1087 2211; x_wconf 86' lang='lat' dir='ltr'><strong>Sed</strong></span> <span class='ocrx_word' id='word_1_115' title='bbox 1114 2165 1217 2233; x_wconf 91' lang='lat' dir='ltr'><strong>quum</strong></span> 
     </span>
     <span class='ocr_line' id='line_1_16' title="bbox 204 2255 1219 2349; baseline 0.003 -26"><span class='ocrx_word' id='word_1_116' title='bbox 204 2255 323 2325; x_wconf 86' lang='lat' dir='ltr'><strong>deinde</strong></span> <span class='ocrx_word' id='word_1_117' title='bbox 340 2256 419 2347; x_wconf 92' lang='lat' dir='ltr'><strong>qnid</strong></span> <span class='ocrx_word' id='word_1_118' title='bbox 433 2257 558 2325; x_wconf 89' lang='lat' dir='ltr'><strong>Platoni</strong></span> <span class='ocrx_word' id='word_1_119' title='bbox 572 2258 778 2348; x_wconf 91' lang='lat' dir='ltr'><strong>propositum</strong></span> <span class='ocrx_word' id='word_1_120' title='bbox 793 2258 905 2345; x_wconf 87' lang='lat' dir='ltr'><strong>luerit,</strong></span> <span class='ocrx_word' id='word_1_121' title='bbox 917 2258 1080 2349; x_wconf 85' lang='lat' dir='ltr'><strong>explicare</strong></span> <span class='ocrx_word' id='word_1_122' title='bbox 1089 2257 1219 2344; x_wconf 90' lang='lat' dir='ltr'><strong>nititur,</strong></span> 
     </span>
     <span class='ocr_line' id='line_1_17' title="bbox 205 2373 1218 2466; baseline 0.003 -25"><span class='ocrx_word' id='word_1_123' title='bbox 205 2375 356 2464; x_wconf 88' lang='lat' dir='ltr'><strong>quamvis</strong></span> <span class='ocrx_word' id='word_1_124' title='bbox 371 2374 507 2466; x_wconf 83' lang='lat' dir='ltr'><strong>pro‘pids</strong></span> <span class='ocrx_word' id='word_1_125' title='bbox 525 2395 603 2447; x_wconf 80' lang='lat' dir='ltr'><strong>vero</strong></span> <span class='ocrx_word' id='word_1_126' title='bbox 623 2373 754 2443; x_wconf 84' lang='lat' dir='ltr'><strong>accedat</strong></span> <span class='ocrx_word' id='word_1_127' title='bbox 771 2377 872 2464; x_wconf 82' lang='lat' dir='ltr'><strong>qutm</strong></span> <span class='ocrx_word' id='word_1_128' title='bbox 887 2375 997 2444; x_wconf 86' lang='lat' dir='ltr'><strong>caeteri</strong></span> <span class='ocrx_word' id='word_1_129' title='bbox 1010 2376 1218 2466; x_wconf 88' lang='lat' dir='ltr'><strong>interpretes,</strong></span> 
     </span>
     <span class='ocr_line' id='line_1_18' title="bbox 205 2489 1220 2579; baseline 0.002 -21"><span class='ocrx_word' id='word_1_130' title='bbox 205 2497 397 2560; x_wconf 87' lang='lat' dir='ltr'><strong>tamennon</strong></span> <span class='ocrx_word' id='word_1_131' title='bbox 412 2490 453 2559; x_wconf 92' lang='lat' dir='ltr'><strong>ad</strong></span> <span class='ocrx_word' id='word_1_132' title='bbox 464 2511 634 2559; x_wconf 90' lang='lat' dir='ltr'><strong>summum</strong></span> <span class='ocrx_word' id='word_1_133' title='bbox 649 2489 828 2558; x_wconf 77' lang='lat' dir='ltr'><strong>dialectica</strong></span> <span class='ocrx_word' id='word_1_134' title='bbox 843 2490 982 2579; x_wconf 83' lang='lat' dir='ltr'><strong>gradum</strong></span> <span class='ocrx_word' id='word_1_135' title='bbox 998 2491 1129 2563; x_wconf 87' lang='lat' dir='ltr'><strong>ridetur</strong></span> <span class='ocrx_word' id='word_1_136' title='bbox 1144 2513 1220 2560; x_wconf 88' lang='lat' dir='ltr'><strong>con·</strong></span> 
     </span>
     <span class='ocr_line' id='line_1_19' title="bbox 204 2604 1220 2693; baseline 0 -19"><span class='ocrx_word' id='word_1_137' title='bbox 204 2605 383 2676; x_wconf 90' lang='lat' dir='ltr'><strong>scendisse.</strong></span> <span class='ocrx_word' id='word_1_138' title='bbox 404 2605 513 2673; x_wconf 85' lang='lat' dir='ltr'><strong>Credit</strong></span> <span class='ocrx_word' id='word_1_139' title='bbox 524 2604 614 2674; x_wconf 91' lang='lat' dir='ltr'><strong>enim</strong></span> <span class='ocrx_word' id='word_1_140' title='bbox 627 2604 662 2671; x_wconf 95' lang='lat' dir='ltr'><strong>id</strong></span> <span class='ocrx_word' id='word_1_141' title='bbox 676 2605 712 2673; x_wconf 92' lang='lat' dir='ltr'><strong>in</strong></span> <span class='ocrx_word' id='word_1_142' title='bbox 724 2605 837 2675; x_wconf 88' lang='lat' dir='ltr'><strong>libello</strong></span> <span class='ocrx_word' id='word_1_143' title='bbox 851 2606 904 2693; x_wconf 85' lang='lat' dir='ltr'><strong>agi</strong></span> <span class='ocrx_word' id='word_1_144' title='bbox 919 2614 957 2674; x_wconf 89' lang='lat' dir='ltr'><strong>ut</strong></span> <span class='ocrx_word' id='word_1_145' title='bbox 973 2605 1220 2675; x_wconf 86' lang='lat' dir='ltr'><strong>demonstretur</strong></span> 
     </span>
     <span class='ocr_line' id='line_1_20' title="bbox 203 2704 1222 2816; baseline 0 -23"><span class='ocrx_word' id='word_1_146' title='bbox 203 2725 388 2816; x_wconf 89' lang='lat' dir='ltr'><strong>sapientem</strong></span> <span class='ocrx_word' id='word_1_147' title='bbox 415 2722 550 2812; x_wconf 92' lang='lat' dir='ltr'><strong>quidem</strong></span> <span class='ocrx_word' id='word_1_148' title='bbox 572 2721 706 2790; x_wconf 88' lang='lat' dir='ltr'><strong>mentiri</strong></span> <span class='ocrx_word' id='word_1_149' title='bbox 732 2743 835 2810; x_wconf 82' lang='lat' dir='ltr'><strong>posse,</strong></span> <span class='ocrx_word' id='word_1_150' title='bbox 856 2723 915 2797; x_wconf 91' lang='lat' dir='ltr'><strong>sed</strong></span> <span class='ocrx_word' id='word_1_151' title='bbox 941 2743 1009 2791; x_wconf 90' lang='lat' dir='ltr'><strong>non</strong></span> <span class='ocrx_word' id='word_1_152' title='bbox 1028 2724 1111 2794; x_wconf 85' lang='lat' dir='ltr'><strong>facto</strong></span> <span class='ocrx_word' id='word_1_153' title='bbox 1130 2704 1222 2794; x_wconf 90' lang='lat' dir='ltr'><strong>men·</strong></span> 
     </span>
     <span class='ocr_line' id='line_1_21' title="bbox 203 2832 1223 2930; baseline 0.003 -24"><span class='ocrx_word' id='word_1_154' title='bbox 203 2840 271 2910; x_wconf 88' lang='lat' dir='ltr'><strong>tiri.</strong></span> <span class='ocrx_word' id='word_1_155' title='bbox 285 2839 378 2919; x_wconf 86' lang='lat' dir='ltr'><strong>Quod</strong></span> <span class='ocrx_word' id='word_1_156' title='bbox 387 2832 468 2907; x_wconf 81' lang='lat' dir='ltr'><strong>adab</strong></span> <span class='ocrx_word' id='word_1_157' title='bbox 481 2860 558 2907; x_wconf 89' lang='lat' dir='ltr'><strong>cum</strong></span> <span class='ocrx_word' id='word_1_158' title='bbox 572 2842 649 2907; x_wconf 79' lang='lat' dir='ltr'><strong>vera</strong></span> <span class='ocrx_word' id='word_1_159' title='bbox 663 2838 805 2907; x_wconf 90' lang='lat' dir='ltr'><strong>Platonis</strong></span> <span class='ocrx_word' id='word_1_160' title='bbox 823 2839 985 2908; x_wconf 77' lang='lat' dir='ltr'><strong>sententia</strong></span> <span class='ocrx_word' id='word_1_161' title='bbox 999 2849 1173 2930; x_wconf 81' lang='lat' dir='ltr'><strong>repugnat,</strong></span> <span class='ocrx_word' id='word_1_162' title='bbox 1185 2848 1223 2911; x_wconf 90' lang='lat' dir='ltr'><strong>nt</strong></span> 
     </span>
     <span class='ocr_line' id='line_1_22' title="bbox 202 2953 1222 3043; baseline 0.002 -19"><span class='ocrx_word' id='word_1_163' title='bbox 202 2959 313 3025; x_wconf 82' lang='grc'>111111</span> <span class='ocrx_word' id='word_1_164' title='bbox 333 2954 536 3025; x_wconf 89' lang='lat' dir='ltr'><strong>demonstret</strong></span> <span class='ocrx_word' id='word_1_165' title='bbox 553 2958 747 3043; x_wconf 86' lang='lat' dir='ltr'><strong>potestatem</strong></span> <span class='ocrx_word' id='word_1_166' title='bbox 764 2953 855 3022; x_wconf 89' lang='lat' dir='ltr'><strong>illam</strong></span> <span class='ocrx_word' id='word_1_167' title='bbox 877 2955 1058 3024; x_wconf 89' lang='lat' dir='ltr'><strong>mentiendi</strong></span> <span class='ocrx_word' id='word_1_168' title='bbox 1080 2962 1114 3026; x_wconf 90' lang='lat' dir='ltr'><strong>et</strong></span> <span class='ocrx_word' id='word_1_169' title='bbox 1136 2957 1222 3026; x_wconf 80' lang='lat' dir='ltr'><strong>male</strong></span> 
     </span>
     <span class='ocr_line' id='line_1_23' title="bbox 202 3068 1222 3160; baseline 0.001 -22"><span class='ocrx_word' id='word_1_170' title='bbox 202 3069 332 3159; x_wconf 82' lang='lat' dir='ltr'><strong>agendi,</strong></span> <span class='ocrx_word' id='word_1_171' title='bbox 357 3071 393 3139; x_wconf 93' lang='lat' dir='ltr'><strong>in</strong></span> <span class='ocrx_word' id='word_1_172' title='bbox 418 3075 482 3160; x_wconf 81' lang='lat' dir='ltr'><strong>qua</strong></span> <span class='ocrx_word' id='word_1_173' title='bbox 513 3068 657 3137; x_wconf 79' lang='lat' dir='ltr'><strong>maxime</strong></span> <span class='ocrx_word' id='word_1_174' title='bbox 686 3068 829 3137; x_wconf 89' lang='lat' dir='ltr'><strong>liberum</strong></span> <span class='ocrx_word' id='word_1_175' title='bbox 859 3069 1035 3139; x_wconf 88' lang='lat' dir='ltr'><strong>arbitrium</strong></span> <span class='ocrx_word' id='word_1_176' title='bbox 1059 3070 1222 3139; x_wconf 85' lang='lat' dir='ltr'><strong>contineri</strong></span> 
     </span>
     <span class='ocr_line' id='line_1_24' title="bbox 202 3170 1221 3276; baseline 0.001 -22"><span class='ocrx_word' id='word_1_177' title='bbox 202 3170 366 3267; x_wconf 76' lang='lat' dir='ltr'><strong>credatur,</strong></span> <span class='ocrx_word' id='word_1_178' title='bbox 385 3186 479 3254; x_wconf 91' lang='lat' dir='ltr'><strong>nullo</strong></span> <span class='ocrx_word' id='word_1_179' title='bbox 496 3185 594 3254; x_wconf 93' lang='lat' dir='ltr'><strong>modo</strong></span> <span class='ocrx_word' id='word_1_180' title='bbox 613 3183 702 3276; x_wconf 91' lang='lat' dir='ltr'><strong>apud</strong></span> <span class='ocrx_word' id='word_1_181' title='bbox 726 3185 909 3276; x_wconf 90' lang='lat' dir='ltr'><strong>sapientem</strong></span> <span class='ocrx_word' id='word_1_182' title='bbox 932 3206 1022 3267; x_wconf 88' lang='lat' dir='ltr'><strong>esse;</strong></span> <span class='ocrx_word' id='word_1_183' title='bbox 1041 3186 1086 3254; x_wconf 89' lang='lat' dir='ltr'><strong>ita</strong></span> <span class='ocrx_word' id='word_1_184' title='bbox 1108 3193 1145 3255; x_wconf 90' lang='lat' dir='ltr'><strong>ut</strong></span> <span class='ocrx_word' id='word_1_185' title='bbox 1161 3186 1221 3255; x_wconf 92' lang='lat' dir='ltr'><strong>du-</strong></span> 
     </span>
     <span class='ocr_line' id='line_1_25' title="bbox 201 3300 1220 3393; baseline 0.001 -24"><span class='ocrx_word' id='word_1_186' title='bbox 201 3303 276 3393; x_wconf 87' lang='lat' dir='ltr'><strong>plex</strong></span> <span class='ocrx_word' id='word_1_187' title='bbox 289 3301 408 3392; x_wconf 81' lang='lat' dir='ltr'><strong>agendi</strong></span> <span class='ocrx_word' id='word_1_188' title='bbox 421 3309 579 3391; x_wconf 89' lang='lat' dir='ltr'><strong>potestas,</strong></span> <span class='ocrx_word' id='word_1_189' title='bbox 594 3323 633 3371; x_wconf 84' lang='lat' dir='ltr'><strong>ex</strong></span> <span class='ocrx_word' id='word_1_190' title='bbox 646 3301 832 3390; x_wconf 78' lang='lat' dir='ltr'><strong>ignorantia</strong></span> <span class='ocrx_word' id='word_1_191' title='bbox 842 3311 932 3385; x_wconf 88' lang='lat' dir='ltr'><strong>nata,</strong></span> <span class='ocrx_word' id='word_1_192' title='bbox 946 3300 982 3369; x_wconf 92' lang='grc'><strong>11</strong></span> <span class='ocrx_word' id='word_1_193' title='bbox 997 3307 1127 3371; x_wconf 80' lang='lat' dir='ltr'><strong>summa</strong></span> <span class='ocrx_word' id='word_1_194' title='bbox 1142 3304 1220 3372; x_wconf 92' lang='lat' dir='ltr'><strong>boni</strong></span> 
     </span>
     <span class='ocr_line' id='line_1_26' title="bbox 203 3418 1048 3503; baseline 0 -17"><span class='ocrx_word' id='word_1_195' title='bbox 203 3418 341 3488; x_wconf 80' lang='grc'>11111111</span> <span class='ocrx_word' id='word_1_196' title='bbox 357 3427 541 3487; x_wconf 82' lang='lat' dir='ltr'><strong>evanescat.</strong></span> <span class='ocrx_word' id='word_1_197' title='bbox 1045 3496 1048 3503; x_wconf 40' lang='grc'><em>,</em></span> 
     </span>
    </p>

    <p class='ocr_par' dir='ltr' id='par_1_4' title="bbox 201 3531 1219 3973">
     <span class='ocr_line' id='line_1_27' title="bbox 245 3531 1216 3623; baseline -0.001 -19"><span class='ocrx_word' id='word_1_198' title='bbox 245 3534 309 3605; x_wconf 91' lang='lat' dir='ltr'><strong>Sed</strong></span> <span class='ocrx_word' id='word_1_199' title='bbox 332 3537 489 3603; x_wconf 80' lang='lat' dir='ltr'><strong>hactenus</strong></span> <span class='ocrx_word' id='word_1_200' title='bbox 515 3532 649 3622; x_wconf 91' lang='lat' dir='ltr'><strong>quidem</strong></span> <span class='ocrx_word' id='word_1_201' title='bbox 675 3532 716 3600; x_wconf 92' lang='lat' dir='ltr'><strong>de</strong></span> <span class='ocrx_word' id='word_1_202' title='bbox 737 3532 835 3601; x_wconf 89' lang='lat' dir='ltr'><strong>variis</strong></span> <span class='ocrx_word' id='word_1_203' title='bbox 864 3531 942 3600; x_wconf 89' lang='lat' dir='ltr'><strong>libri</strong></span> <span class='ocrx_word' id='word_1_204' title='bbox 968 3533 1216 3623; x_wconf 88' lang='lat' dir='ltr'><strong>interpretibus.</strong></span> 
     </span>
     <span class='ocr_line' id='line_1_28' title="bbox 202 3649 1217 3744; baseline 0.003 -26"><span class='ocrx_word' id='word_1_205' title='bbox 202 3652 263 3730; x_wconf 82' lang='lat' dir='ltr'><strong>Qui</strong></span> <span class='ocrx_word' id='word_1_206' title='bbox 280 3674 383 3743; x_wconf 92' lang='lat' dir='ltr'><strong>quum</strong></span> <span class='ocrx_word' id='word_1_207' title='bbox 398 3651 478 3719; x_wconf 82' lang='lat' dir='ltr'><strong>adeo</strong></span> <span class='ocrx_word' id='word_1_208' title='bbox 496 3650 582 3718; x_wconf 89' lang='lat' dir='ltr'><strong>inter</strong></span> <span class='ocrx_word' id='word_1_209' title='bbox 600 3670 635 3717; x_wconf 91' lang='lat' dir='ltr'><strong>se</strong></span> <span class='ocrx_word' id='word_1_210' title='bbox 652 3653 813 3738; x_wconf 83' lang='lat' dir='ltr'><strong>pugnent,</strong></span> <span class='ocrx_word' id='word_1_211' title='bbox 830 3670 903 3733; x_wconf 90' lang='lat' dir='ltr'><strong>nos,</strong></span> <span class='ocrx_word' id='word_1_212' title='bbox 918 3649 1043 3718; x_wconf 88' lang='lat' dir='ltr'><strong>relictis</strong></span> <span class='ocrx_word' id='word_1_213' title='bbox 1063 3650 1143 3730; x_wconf 90' lang='lat' dir='ltr'><strong>illis,</strong></span> <span class='ocrx_word' id='word_1_214' title='bbox 1160 3674 1217 3744; x_wconf 92' lang='lat' dir='ltr'><strong>po·</strong></span> 
     </span>
     <span class='ocr_line' id='line_1_29' title="bbox 201 3763 1218 3857; baseline -0.001 -21"><span class='ocrx_word' id='word_1_215' title='bbox 201 3769 267 3836; x_wconf 82' lang='lat' dir='ltr'><strong>tius</strong></span> <span class='ocrx_word' id='word_1_216' title='bbox 288 3769 329 3837; x_wconf 93' lang='lat' dir='ltr'><strong>ab</strong></span> <span class='ocrx_word' id='word_1_217' title='bbox 353 3769 424 3857; x_wconf 90' lang='lat' dir='ltr'><strong>ipso</strong></span> <span class='ocrx_word' id='word_1_218' title='bbox 437 3766 582 3843; x_wconf 88' lang='lat' dir='ltr'><strong>Platone,</strong></span> <span class='ocrx_word' id='word_1_219' title='bbox 601 3774 634 3834; x_wconf 88' lang='grc'><strong>11</strong></span> <span class='ocrx_word' id='word_1_220' title='bbox 652 3765 754 3832; x_wconf 93' lang='lat' dir='ltr'><strong>simul</strong></span> <span class='ocrx_word' id='word_1_221' title='bbox 774 3785 793 3831; x_wconf 93' lang='lat' dir='ltr'><strong>a</strong></span> <span class='ocrx_word' id='word_1_222' title='bbox 809 3763 1026 3855; x_wconf 81' lang='lat' dir='ltr'><strong>Xenophonte</strong></span> <span class='ocrx_word' id='word_1_223' title='bbox 1044 3767 1218 3835; x_wconf 82' lang='grc'>1111111-</span> 
     </span>
     <span class='ocr_line' id='line_1_30' title="bbox 203 3879 1219 3973; baseline 0.002 -23"><span class='ocrx_word' id='word_1_224' title='bbox 203 3884 330 3967; x_wconf 89' lang='lat' dir='ltr'><strong>stotele,</strong></span> <span class='ocrx_word' id='word_1_225' title='bbox 351 3882 432 3973; x_wconf 93' lang='lat' dir='ltr'><strong>quid</strong></span> <span class='ocrx_word' id='word_1_226' title='bbox 447 3883 596 3951; x_wconf 83' lang='lat' dir='ltr'><strong>Socrates</strong></span> <span class='ocrx_word' id='word_1_227' title='bbox 621 3879 661 3949; x_wconf 92' lang='lat' dir='ltr'><strong>de</strong></span> <span class='ocrx_word' id='word_1_228' title='bbox 687 3879 832 3948; x_wconf 85' lang='lat' dir='ltr'><strong>scientiae</strong></span> <span class='ocrx_word' id='word_1_229' title='bbox 851 3885 883 3947; x_wconf 89' lang='lat' dir='ltr'><strong>et</strong></span> <span class='ocrx_word' id='word_1_230' title='bbox 905 3880 1085 3949; x_wconf 87' lang='lat' dir='ltr'><strong>voluntatis</strong></span> <span class='ocrx_word' id='word_1_231' title='bbox 1102 3888 1219 3952; x_wconf 79' lang='lat' dir='ltr'><strong>natura</strong></span> 
     </span>
    </p>
   </div>
   <div class='ocr_carea' id='block_1_3' title="bbox 163 4133 1221 4313">
    <p class='ocr_par' dir='ltr' id='par_1_5' title="bbox 163 4133 1221 4313">
     <span class='ocr_line' id='line_1_31' title="bbox 230 4133 1221 4227; baseline -0.004 -7"><span class='ocrx_word' id='word_1_232' title='bbox 230 4170 239 4201; x_wconf 88' lang='lat'>¹</span> <span class='ocrx_word' id='word_1_233' title='bbox 254 4186 266 4219; x_wconf 89' lang='grc'><strong>1</strong></span> <span class='ocrx_word' id='word_1_234' title='bbox 283 4164 332 4219; x_wconf 77' lang='lat' dir='ltr'><strong>lter</strong></span> <span class='ocrx_word' id='word_1_235' title='bbox 345 4170 462 4219; x_wconf 73' lang='lat' dir='ltr'><strong>Solinates</strong></span> <span class='ocrx_word' id='word_1_236' title='bbox 478 4168 543 4217; x_wconf 89' lang='lat' dir='ltr'><strong>eben</strong></span> <span class='ocrx_word' id='word_1_237' title='bbox 562 4181 590 4217; x_wconf 90' lang='lat' dir='ltr'><strong>so</strong></span> <span class='ocrx_word' id='word_1_238' title='bbox 603 4165 688 4227; x_wconf 83' lang='lat' dir='ltr'><strong>wenig</strong></span> <span class='ocrx_word' id='word_1_239' title='bbox 700 4164 860 4215; x_wconf 78' lang='lat' dir='ltr'><strong>versehmtht</strong></span> <span class='ocrx_word' id='word_1_240' title='bbox 875 4164 926 4225; x_wconf 84' lang='lat' dir='ltr'><strong>bat,</strong></span> <span class='ocrx_word' id='word_1_241' title='bbox 941 4164 978 4214; x_wconf 81' lang='lat' dir='ltr'><strong>als</strong></span> <span class='ocrx_word' id='word_1_242' title='bbox 996 4133 1085 4226; x_wconf 72' lang='lat' dir='ltr'><strong>irgend</strong></span> <span class='ocrx_word' id='word_1_243' title='bbox 1105 4165 1145 4214; x_wconf 89' lang='lat' dir='ltr'><strong>ein</strong></span> <span class='ocrx_word' id='word_1_244' title='bbox 1162 4166 1221 4216; x_wconf 82' lang='lat' dir='ltr'><strong>ehi-</strong></span> 
     </span>
     <span class='ocr_line' id='line_1_32' title="bbox 163 4244 744 4313; baseline -0.014 -14"><span class='ocrx_word' id='word_1_245' title='bbox 163 4294 169 4307; x_wconf 87' lang='lat'><strong>,</strong></span> <span class='ocrx_word' id='word_1_246' title='bbox 198 4244 643 4313; x_wconf 76' lang='grc'>111111111111111111111111111111·</span> <span class='ocrx_word' id='word_1_247' title='bbox 658 4244 744 4295; x_wconf 78' lang='grc'>1111.»</span> 
     </span>
    </p>
   </div>
   <div class='ocr_carea' id='block_1_4' title="bbox 0 0 1501 4918">
    <p class='ocr_par' dir='ltr' id='par_1_6' title="bbox 0 0 1501 4918">
     <span class='ocr_line' id='line_1_33' title="bbox 0 0 1501 4918; baseline 0 0"><span class='ocrx_word' id='word_1_248' title='bbox 0 0 1501 4918; x_wconf 95' lang='lat' dir='ltr'><strong> </strong></span> 
     </span>
    </p>
   </div>
  </div>
 </body>
</html>
