2990 4918
264 514 267 519 '
286 505 318 555 2⁶
419 456 424 468 ι
597 502 738 556 russatus
754 504 870 558 HlPPldS
885 505 979 558 ullos

287 651 363 699 rum
385 633 438 699 sut
457 651 603 699 amorem
624 630 661 698 in
687 632 855 702 mentibus
876 633 1044 704 excitaret.
1066 634 1176 724 Neque
1205 637 1297 707 ullus
1376 616 1379 620 Δ

250 797 255 809 .
286 748 391 836 magis
416 745 597 816 socraticus
617 746 775 837 colloquii
794 748 875 817 ordo
896 769 914 818 a
931 749 1065 820 Platone
1086 752 1225 843 reperiri
1242 775 1297 844 po-

285 871 393 933 terat:
411 863 487 953 quis
508 863 599 930 enim
617 863 722 932 nescit
746 885 877 954 semper
896 866 1023 954 vulgari
1045 871 1143 957 atque
1163 869 1299 938 incertae

285 979 433 1069 opinioni
458 979 624 1047 Socratem
648 966 818 1069 sapientiae
834 988 1015 1048 amatorem
1038 972 1296 1071 repugnavisset

284 1097 342 1164 llic
353 1096 442 1164 enim
459 1095 601 1163 maxima
616 1099 692 1164 curt
714 1118 770 1164 eos
788 1096 858 1186 qui,
875 1097 958 1164 duca
975 1097 1141 1187 opinione,
1163 1100 1200 1168 in
1212 1101 1296 1172 bona

284 1214 423 1282 fortuito
441 1211 593 1281 incidunt
605 1211 825 1301 distinguebat
836 1211 876 1280 ab
888 1212 955 1282 illis
970 1214 1041 1302 qui,
1053 1189 1184 1287 >ratione
1199 1217 1295 1300 dure,

284 1329 405 1397 bonam
419 1329 615 1418 beatamque
628 1327 729 1396 vitam
744 1310 847 1417 agunt
864 1357 871 1396 ε
897 1327 993 1399 alteri
1011 1331 1101 1401 enim
1121 1341 1245 1423 εὐτυχίᾳ,
1262 1335 1296 1403 id

284 1450 333 1514 est
348 1445 434 1514 hona
456 1445 601 1529 fortuna,
623 1444 793 1525 fruuntur,
812 1445 906 1515 alteri
927 1449 1074 1536 εὐπραξίαν
1097 1454 1156 1516 aut
1174 1449 1295 1519 bonam

284 1568 430 1663 mentem
451 1561 579 1630 ratione
613 1566 645 1629 et
668 1567 739 1630 arte
761 1569 1024 1651 consequuntur.
1050 1563 1199 1634 Socrates
1219 1572 1296 1635 uero
1333 1569 1335 1575 '

283 1679 481 1770 probitatem
505 1700 545 1747 ex
568 1677 723 1768 opinione
745 1683 871 1766 natam,
891 1688 924 1750 et
944 1682 1037 1771 quasi
1053 1681 1214 1769 Fortunae,
1227 1704 1295 1751 non

284 1795 470 1887 Sapientia,
497 1794 613 1877 liliam,
639 1800 752 1885 utpote
771 1795 933 1864 incertam
957 1804 990 1865 et
1015 1796 1193 1866 volubilem
1219 1818 1295 1864 con-

282 1915 464 1996 temnebat,
483 1914 687 2004 prorsusque
701 1913 845 1982 similem
864 1935 936 1983 esse
953 1915 1177 1984 arbitrabatur
1190 1916 1222 1985 ei
1237 1916 1295 2004 qui

284 2053 389 2100 caecus
404 2031 439 2098 iu
453 2035 540 2097 recta
551 2029 616 2112 vit,
634 2027 767 2096 fortuna
777 2030 924 2118 jurante,
939 2031 1139 2118 procederet.

328 2149 373 2215 lix
384 2152 571 2237 qutrerum
580 2147 902 2235 institutionequum
912 2146 1122 2218 multosalios
1132 2148 1294 2237 dialogos,

283 2271 355 2333 tum
373 2264 516 2353 Hippiam
538 2263 690 2331 Minorem
705 2263 925 2331 ordinandum
948 2283 1020 2331 esse
1039 2263 1128 2333 Plato
1151 2266 1292 2334 censuit.

286 2380 455 2468 Siquidem
470 2379 517 2447 ibi
532 2379 679 2470 sophista
692 2379 863 2449 inducitur
875 2384 958 2448 vana
975 2379 1144 2470 sapientiae
1159 2401 1228 2450 suaa
1243 2380 1299 2450 ad·

285 2496 461 2564 miratione
471 2495 648 2586 superbus,
664 2497 815 2585 quamuis
828 2494 915 2564 nihil
929 2495 995 2564 nisi
1006 2495 1162 2586 opinione
1175 2497 1297 2565 ductus

280 2619 338 2682 aut
358 2613 489 2701 cogitet,
521 2618 579 2681 aut
596 2613 766 2701 loquatur,
793 2619 850 2682 aut
867 2618 952 2702 agat.
975 2613 1066 2681 ldem
1091 2613 1207 2682 eodem
1225 2613 1302 2682 tere

283 2730 381 2799 modo
396 2730 545 2821 Hippias,
562 2730 598 2798 in
611 2731 713 2800 altaro
731 2731 873 2819 dialogo,
888 2729 1078 2811 inducitur;
1094 2736 1203 2821 partes
1224 2752 1296 2800 eas·

280 2849 354 2917 dem
368 2857 471 2938 agunt
485 2854 518 2917 et
540 2843 732 2936 Protagoras
752 2856 784 2917 et
804 2848 940 2937 Gorgias
962 2854 995 2917 et
1018 2849 1120 2917 ceteri
1140 2848 1295 2938 sophista

279 2972 336 3034 aut
354 2968 514 3035 rhetores.
530 2965 617 3033 Pane
637 2966 672 3033 in
687 2966 760 3055 ipso
774 2965 892 3052 Gorqiaa
905 2965 1064 3055 prooemio
1071 2985 1129 3034 ars
1144 2965 1203 3032 illa
1218 2968 1295 3033 rhe-

279 3092 393 3153 torum
415 3086 572 3174 empirica
604 3087 746 3175 (ἐμπειρία
757 3086 826 3171 τις),
846 3104 920 3173 quae
940 3083 1043 3152 efficit
1067 3091 1106 3152 ut
1125 3084 1313 3154 auditores·
1374 3077 1377 3081 ’

279 3202 418 3282 aedunt,
440 3223 507 3269 non
520 3208 558 3270 ut
571 3201 873 3291 sciant-diligenter
888 3223 906 3268 a
924 3198 1171 3269 dialecticorum
1186 3202 1293 3269 scien-

279 3314 323 3383 tia
347 3315 561 3402 discernitur,
584 3336 656 3405 quae
685 3315 851 3385 auditores
876 3323 910 3386 et
933 3314 1079 3385 scientiae
1101 3324 1133 3385 et
1161 3315 1293 3384 vinutis

279 3431 454 3521 participes
470 3431 559 3500 lacit.
1295 3413 1304 3423 ¹

324 3549 435 3616 Poetas
444 3552 554 3617 autem
571 3548 660 3615 Plato
674 3549 831 3617 unacum
848 3547 1004 3638 sophistis
1018 3548 1054 3617 in
1066 3566 1158 3638 aequo
1173 3567 1295 3638 ponere

282 3665 376 3747 solat,
392 3665 496 3754 utqui
506 3663 644 3752 pulchra
657 3662 790 3753 quidem
808 3670 970 3753 poemata,
989 3665 1046 3733 sed
1063 3686 1148 3734 caeco
1168 3664 1294 3757 impetu

281 3779 457 3869 divinoque
476 3779 564 3869 genii
587 3779 684 3862 dono,
709 3799 905 3868 componere
923 3780 1067 3865 ualeant,
1085 3778 1238 3871 Opinioni
1262 3790 1295 3851 et

283 3896 447 3974 Fortunae,
459 3917 526 3963 non
540 3894 669 3965 Rationi
680 3895 869 3964 servientes.
882 3895 913 3964 ls
922 3900 997 3965 uero
1008 3916 1078 3963 mos
1087 3903 1158 3984 erat
1167 3898 1294 3988 sophis·

282 4017 402 4092 tarum,
420 4017 459 4078 ut
472 4010 614 4079 libenter
624 4010 664 4079 de
673 4018 844 4102 poetarum
859 4010 1064 4080 carminibus
1072 4012 1291 4102 dissererent,

283 4136 462 4215 poetasque
482 4126 583 4195 v'eluti
598 4133 697 4196 testes
714 4126 756 4195 ad
769 4147 901 4196 causam
922 4127 1136 4223 judicandam
1159 4128 1294 4197 aduoca-

283 4247 370 4310 rent.
395 4240 448 4309 Sic
472 4241 606 4332 llippias
623 4243 664 4310 ab
682 4242 822 4312 Homero
839 4242 1010 4359 matepiem
1024 4243 1117 4314 illius
1132 4243 1293 4314 orationis
