2990 4918
294 532 325 583 co
604 504 983 583 rnromsnnrnsnmon

295 657 416 726 iterum
447 657 665 728 exactissimis
696 658 804 726 serbis
827 656 1050 727 inductionem
1075 658 1303 728 exhibeamus.

341 774 401 852 Qui
419 775 743 862 malegrammaticas
755 774 883 843 litteras
896 773 1011 842 scribit
1022 774 1128 843 sciens
1139 775 1305 862 etvolens,

295 889 446 978 quamuis
468 888 502 957 in
528 911 564 958 re
584 891 739 981 praesenti
761 888 974 979 grammatice
1000 890 1143 959 scrihere
1172 912 1307 962 necesse

296 1005 350 1085 sit,
376 1005 465 1073 idern
487 991 779 1093 grammaticorum
805 1005 940 1074 scientia
961 1004 1092 1088 melior,
1108 1005 1180 1073 ideo
1193 1010 1306 1073 autem

295 1122 388 1210 pejor
406 1120 494 1211 quod
509 1122 673 1210 optimum
685 1123 758 1210 eJns
775 1119 921 1190 scientiae
934 1141 1034 1189 usum
1049 1119 1084 1188 in
1098 1141 1134 1189 re
1150 1120 1306 1210 praesenti

254 1261 258 1269 ·
295 1236 410 1305 nescit.

340 1350 402 1428 Qui
415 1355 491 1420 vero
503 1352 718 1440 grammatice
732 1352 868 1441 quidem
883 1350 1095 1440 grammatica
1110 1350 1229 1432 utitur,
1248 1351 1305 1418 sed

295 1474 331 1535 ut
345 1468 425 1536 falsa
436 1468 476 1537 de
494 1468 697 1551 arithmetico
711 1467 818 1537 sciens
833 1475 864 1536 et
879 1469 992 1536 volens
1006 1467 1141 1554 scribat,
1153 1467 1306 1556 quamvis

296 1581 330 1649 in
348 1604 384 1650 re
408 1583 563 1671 praesenti
583 1581 682 1652 rectis
701 1582 849 1651 numeris
872 1604 954 1673 opus
970 1582 1024 1662 sit,
1047 1582 1133 1650 idem
1149 1582 1305 1650 arithme-

296 1697 369 1769 ticae
384 1698 518 1788 quidem
533 1700 717 1789 cognitione
731 1699 859 1780 melior,
879 1699 1017 1767 sedideo
1031 1698 1213 1788 peJ'orquod
1223 1699 1307 1788 opti

297 1836 391 1882 mum
404 1814 440 1883 in
454 1836 491 1884 re
504 1816 657 1906 praesenti
676 1838 773 1885 usum
792 1816 908 1884 nescit.

341 1930 402 2007 Qui
426 1935 513 2001 recte
539 1933 673 2021 quidem
698 1931 904 1999 arithmetica
930 1930 1048 2012 utitur,
1075 1929 1132 1999 sed
1157 1935 1196 2019 ut
1223 1930 1306 1998 salsa

296 2045 403 2114 sciens
426 2054 459 2115 et
477 2048 589 2115 volens
605 2049 644 2115 de
663 2047 856 2137 reipublicae
871 2030 1154 2115 administratione
1170 2045 1304 2126 scribat,

289 2149 444 2259 ¹quamuis
473 2162 570 2230 inre
596 2163 748 2252 praesenti
776 2162 860 2229 hona
884 2182 995 2229 rerum
1023 2160 1307 2259 administratione

297 2298 380 2366 opus
394 2278 449 2358 sit,
463 2277 551 2345 idern
565 2277 697 2367 politica
716 2277 850 2366 quidem
868 2276 1002 2345 soieutid
1013 2277 1142 2364 melior,
1158 2277 1216 2344 sed
1232 2276 1307 2345 ideo

297 2393 388 2483 pejor
401 2394 487 2482 quod
500 2394 661 2484 optimum
675 2393 815 2484 politicae
829 2393 973 2463 scientiae
985 2416 1083 2463 usum
1098 2393 1213 2477 nescit.

274 2568 280 2591 χ
341 2508 403 2587 Qui
417 2516 528 2578 autem
542 2510 684 2599 publicis
701 2511 835 2599 quidem
854 2510 1001 2578 nummis
1015 2511 1102 2576 recte
1114 2508 1232 2594 utitur,
1249 2508 1307 2576 sed

297 2632 335 2693 ut
350 2625 473 2715 injusta
493 2626 528 2693 in
551 2633 702 2695 externos
724 2626 861 2716 populos
881 2626 1011 2706 inierat,
1028 2625 1165 2693 ‘etiamsi
1189 2624 1308 2692 melius
1358 2676 1363 2685 .

296 2738 340 2807 sit
353 2761 419 2808 non
438 2742 574 2828 inferre,
590 2742 678 2809 idem
700 2741 843 2831 publicae
858 2739 1154 2808 administrationis
1173 2738 1308 2807 scientie

298 2854 427 2936 melior,
449 2857 505 2925 sed
517 2857 589 2925 ideo
604 2857 696 2946 pejor
704 2858 796 2946 'quod
807 2844 1087 2946 'optimum‘usum
1099 2853 1215 2923 nescit.

342 2971 402 3048 Qui
419 2971 562 3063 denique
574 2972 737 3063 optimum
753 2973 902 3040 omnium
918 2991 1031 3039 rerum
1045 2991 1145 3038 usum
1160 2969 1262 3050 novit,
1276 2979 1309 3038 et

293 3096 404 3155 tamen
427 3088 535 3156 sciens
558 3088 736 3179 volensque
764 3088 851 3157 mate
881 3087 981 3155 rebus
995 3086 1122 3173 utitur,
1157 3084 1308 3177 quamvis

293 3205 378 3272 nihil
397 3205 519 3293 optimo
543 3204 660 3273 melius
682 3226 753 3273 esse
771 3205 864 3285 sciat,
885 3203 984 3282 idem,
1004 3204 1032 3269 si
1052 3205 1142 3271 modo
1164 3203 1241 3272 talis
1256 3202 1307 3273 vir

292 3321 476 3410 reperiatur
506 3323 601 3409 (εἴπερ
621 3327 663 3399 τίς
695 3328 766 3389 ἐστιν
792 3320 912 3408 οὗτος),
942 3318 1059 3409 optimi
1089 3339 1202 3386 rerum
1223 3325 1307 3388 usus

292 3436 428 3504 scientie
448 3436 565 3503 melior
592 3441 688 3519 esset,
714 3442 747 3503 et
776 3442 887 3504 tamen
912 3440 1083 3524 propterea
1106 3435 1198 3524 pejor
1219 3435 1308 3525 quod

295 3553 457 3642 optimum
469 3574 567 3621 usum
578 3552 730 3620 nesciret!
744 3590 786 3602 -
796 3553 868 3620 Haeo
877 3557 987 3618 autern
997 3552 1081 3618 inter
1091 3572 1126 3619 se
1135 3557 1283 3640 pugnant
1298 3574 1305 3614 :

295 3689 370 3734 narn
381 3668 468 3736 idem
484 3668 518 3736 in
530 3667 647 3736 iisdem
661 3674 694 3736 et
708 3668 827 3736 melior
835 3672 867 3735 et
882 3668 972 3756 pej0r
985 3673 1082 3736 esset.
1098 3665 1180 3755 Ergo
1194 3686 1306 3755 nemo,
1330 3740 1334 3748 ,

294 3784 353 3872 qui
368 3806 468 3852 usum
480 3785 628 3853 absolute
635 3784 797 3873 optimum
813 3784 937 3874 optime
946 3789 1131 3873 cognoscet,
1145 3774 1244 3851 rebus
1258 3782 1308 3849 uti

295 3921 362 3968 non
372 3902 512 3983 noverit;
528 3902 685 3990 nullaque
696 3902 768 3991 jam
781 3902 864 3970 ratio
876 3902 966 3969 reddi
978 3900 1098 3991 poterit
1111 3921 1171 3968 cur
1185 3899 1308 3988 optime

231 4051 235 4059 ·
296 4016 395 4084 rebus
410 4017 683 4101 nonutatur.1ta‚
699 4017 787 4105 qood
800 4017 840 4084 ad
855 4037 1023 4084 summum
1038 4014 1162 4082 bonurn
1177 4014 1306 4098 attinet,

276 4131 430 4200 scientia
453 4138 486 4200 et
507 4153 588 4200 usus
607 4131 819 4217 concordant,
836 4153 937 4221 quum
961 4131 1074 4199 nullus
1094 4129 1135 4199 sit
1157 4128 1308 4218 superior

296 4246 474 4315 dialecticae
497 4246 632 4336 gradus,
654 4246 714 4315 ubi
737 4246 909 4315 discordiae
927 4247 1010 4313 ratio
1033 4244 1171 4335 reperiri
1195 4250 1304 4333 queat.
