2990 4918
259 549 324 600 snm
337 548 498 602 socntmcr
513 550 628 608 conmn
638 548 766 600 ntorum
781 546 939 598 nnnlunmn
952 522 1133 597 machmit.
1176 544 1209 595 3³

198 682 297 759 ἔοικεν,
327 683 378 746 εἰσὶ
400 683 473 747 κατὰ
499 685 546 745 τὸν
565 684 611 746 σον
628 684 715 764 λόγον
734 668 785 743 ’καὶ
805 683 985 765 πολύτροποι.
1005 670 1045 742 Ἦ
1068 683 1140 762 γάρ;
1165 712 1208 723 -

198 799 251 860 Ναί
258 795 282 860 ¹.
304 819 321 858 ν
344 833 386 844 -
400 795 438 861 Ut
458 794 548 884 apud
561 792 806 884 Xenophontem
824 815 862 861 ex
876 798 952 861 actu
971 790 1011 860 ed
1030 782 1209 881 potentiam

199 905 345 978 Socrates
359 909 545 979 definiendo
560 907 738 978 ascendere
759 906 852 991 solet,
868 908 916 977 sic
934 908 982 977 ibi
997 906 1160 975 mendacii
1179 911 1212 974 et

198 1024 343 1093 ueritatis
366 1025 527 1096 rationem
544 1024 580 1093 in
594 1023 753 1116 potentid,
768 1023 826 1092 uhi
839 1046 935 1113 penus
946 1024 1047 1092 situm
1062 1031 1123 1106 est,
1141 1021 1210 1090 dia-

198 1138 331 1209 lecticus
349 1149 460 1211 noster
468 1141 633 1239 ,requirit
654 1139 766 1228 Neque
784 1138 874 1207 enim
894 1139 928 1207 id
943 1141 985 1208 ad
999 1145 1109 1209 ectum
1123 1138 1213 1207 venit

200 1258 357 1345 quodsuh
367 1257 547 1348 potentiam
561 1256 678 1348 agendi
691 1277 757 1325 non
772 1255 878 1340 cadit3
895 1259 986 1326 actds
999 1256 1100 1345 igitur
1113 1256 1210 1336 ratio,

201 1371 271 1440 sine
292 1377 355 1462 qut
383 1395 451 1442 non
478 1374 599 1463 egitur,
624 1372 768 1463 potentio
795 1378 856 1443 est.
885 1372 957 1463 Ipsa
975 1377 1052 1440 vcro
1070 1373 1213 1462 potentio

201 1489 316 1577 agendi
328 1490 456 1579 aliquid
477 1490 576 1558 hahet
591 1490 785 1560 antecedens
799 1489 870 1557 sine
889 1509 954 1576 quo
974 1509 1041 1555 non
1060 1487 1215 1577 intelligi-

201 1609 267 1686 tur,
279 1613 377 1697 atque
392 1613 431 1675 nt
443 1605 567 1696 species
582 1606 617 1674 in
632 1620 751 1694 genere
766 1598 930 1696 superiori
941 1604 1142 1688 continetur,
1154 1604 1224 1673 sci-·

200 1719 276 1791 ticet
289 1726 431 1792 scientio.
445 1723 536 1811 Sicut
556 1723 657 1812 igitur
676 1723 764 1811 quod
778 1744 845 1790 non
864 1743 1053 1812 possumus,
1065 1743 1132 1812 non
1147 1721 1215 1809 agi·

202 1860 290 1920 mus;
300 1839 349 1909 sic
358 1840 448 1929 quod
457 1861 523 1908 non
535 1839 671 1919 scimus,
684 1861 750 1907 non
758 1860 947 1929 possumus.
957 1838 1069 1928 Itaque
1079 1837 1218 1905 adultio-

203 1976 272 2024 rcm
285 1955 531 2025 dialecticarum
546 1960 712 2026 scolarum
730 1957 870 2045 gradum
887 1954 997 2025 statim
1011 1954 1145 2022 festinet
1162 1954 1219 2021 So·

202 2054 318 2142 crates.
335 2099 410 2139 -α
428 2081 603 2162 Πολύτροπον
619 2077 643 2143 δ’
662 2079 712 2144 εἰσὶ
729 2080 776 2142 καὶ
799 2080 959 2154 ἀπατεῶνες
977 2080 1029 2143 ὑπὸ
1041 2079 1219 2158 ἠλιθιότητος

203 2196 250 2257 καὶ
268 2196 433 2279 ἀφροσύνης,
452 2199 472 2275 ἢ
492 2197 548 2259 ’ὑπὸ
567 2196 735 2280 πανουργίας
749 2196 797 2281 καὶ
810 2199 967 2280 φρονήσεώς
981 2218 1068 2275 τινσς;
1087 2228 1129 2238 -
1149 2187 1219 2256 Ὑπὸ

202 2314 371 2395 πανουργίας
386 2314 495 2375 πάντων
509 2314 630 2392 μάλιστα
648 2314 695 2377 καὶ
709 2316 879 2396 φρονήσεως.
896 2346 936 2357 -
950 2314 1086 2395 Φρονιμοι
1101 2313 1152 2390 μὲν
1165 2312 1220 2394 ἄρα

203 2426 280 2507 εἰσίν,
293 2430 333 2501 ὡς
354 2428 441 2491 ἔοικε.
467 2463 513 2475 -··
525 2420 580 2493 Ναὶ
595 2431 635 2508 μὰ
650 2431 715 2509 Δία,
733 2430 798 2490 λίαν
815 2451 861 2511 γε.
884 2462 927 2474 -·
946 2431 1083 2511 Φρόνιμσι
1100 2429 1131 2493 δὲ
1143 2428 1220 2502 ὅντες

203 2543 253 2606 οὐκ
269 2546 425 2608 ἐπίστανται
444 2548 459 2607 ὅ
475 2568 501 2608 τι
518 2550 652 2622 ποιοῦσιν,
668 2548 687 2622 ἢ
705 2545 878 2617 intercisum
897 2577 938 2590 --
955 2545 1009 2607 Καὶ
1022 2546 1102 2624 μάλα
1117 2547 1220 2628 σφόδρα

203 2661 369 2726 ἐπίστανται·
382 2663 426 2726 διὰ
435 2667 522 2725 ταῦτα
533 2663 581 2725 ιιαὶ
590 2666 801 2745 κακουργοῦσιν.
816 2695 857 2706 -
876 2654 1069 2741 Ἐπιστάμενσι
1079 2663 1109 2724 δὲ
1120 2668 1218 2741 ταῦτα,

204 2778 404 2857 ἃέτίστανται,
430 2782 547 2864 πότερον
572 2779 693 2858 ἀμαθεῖς
713 2780 810 2858 εἰσινῆ
827 2780 923 2862 σοροί;
941 2810 983 2824 --
1005 2781 1087 2862 Σοφοὶ
1105 2781 1156 2859 μὲν
1174 2776 1220 2843 οὖν

197 2895 272 2971 ,αιἰτσὶ
285 2916 320 2975 γε
334 2900 432 2974 ταῦτα,
450 2891 603 2970 ἐξαπατᾶν.
615 2930 660 2942 -·
676 2888 749 2978 Ἔχε
766 2898 812 2974 δή·
832 2895 1062 2975 ἀναμνησθῶμεν,
1077 2898 1103 2959 τί
1119 2899 1220 2963 ἐστινὸ

204 3011 311 3093 λέγεις.
333 3014 403 3085 Τοὺς
430 3013 538 3093 ψευδεῖς
562 3014 615 3094 ρὴς
644 3010 715 3075 εἶναι
735 3015 864 3086 δυνατούς
886 3012 934 3075 καὶ
959 3015 1143 3094 ἐπιστήμονας
1173 3014 1221 3077 καὶ

206 3128 303 3210 σοροὺς
322 3127 363 3200 εἰς
382 3131 453 3212 ἅπερ
468 3131 596 3210 desudem
623 3164 664 3175 -
678 3129 758 3208 Φημὶ
772 3132 827 3212 γὰρ
842 3124 900 3192 οὖν.
922 3128 959 3187 ν’
974 3154 1020 3172 -u
1032 3124 1111 3202 Quis
1125 3130 1222 3214 neget

208 3238 360 3307 eumdem
387 3240 523 3329 prorshs
540 3239 723 3307 disserendi
738 3239 889 3319 modum,
906 3260 944 3307 cx
959 3245 1034 3307 actu
1048 3241 1090 3308 ad
1107 3247 1221 3331 poten·

208 3353 299 3438 tiam,
314 3377 353 3424 ex
367 3357 514 3445 potentit
527 3356 569 3423 ad
584 3355 767 3439 scientiam,
782 3363 812 3424 et
825 3356 914 3445 opud
931 3355 1178 3446 Xenophontem
1191 3364 1224 3426 et

209 3470 295 3559 apud
309 3471 478 3539 Platonem
493 3472 618 3562 pariter
633 3471 809 3540 adhiberit
826 3473 868 3539 Ex
884 3493 947 3560 quo
960 3473 1029 3561 jam
1049 3473 1159 3541 videre
1174 3479 1225 3543 est

209 3589 308 3674 quim
322 3586 404 3657 falsa
419 3587 463 3655 sit
480 3609 596 3656 eorum
617 3589 740 3678 opinio,
764 3588 821 3676 qui
840 3589 1085 3679 Xenophontem
1103 3597 1135 3658 et
1152 3589 1222 3657 Pta-

210 3705 320 3771 tonem
340 3705 438 3792 longe
461 3702 547 3772 inter
569 3725 605 3773 sc
628 3704 667 3773 de
692 3703 834 3772 Socratis
854 3703 1023 3774 dialectice
1052 3704 1225 3774 dissentire

211 3823 352 3906 putent;⁵
368 3819 456 3908 quod
475 3820 525 3887 illi
543 3843 561 3889 a
579 3821 693 3889 multis
705 3819 955 3910 interpretibus,
975 3821 1226 3912 praesertimque

213 3940 352 4002 anostro
362 3920 398 4003 X.
411 3936 544 4019 Cousiu
557 3936 745 4006 inconsulte
759 3945 966 4029 acceperunt.
981 3938 1097 4008 -Ubi
1114 3945 1226 4008 autem

214 4049 251 4116 od
268 4070 372 4140 genus
388 4053 494 4143 magis
513 4055 666 4141 gencrale
683 4075 743 4145 per
760 4053 985 4124 inductionem
1001 4055 1150 4146 pervenit
1170 4055 1227 4125 So-

244 4235 253 4268 ¹
270 4236 348 4303 Hipp.
364 4239 437 4300 Min..
448 4238 493 4290 dit
511 4240 534 4301 d,
548 4256 571 4292 ε.

244 4314 318 4380 ¹111„
330 4316 519 4380 ddhsffidde.
578 4376 581 4381 ⁴
