2990 4918
295 547 358 598 sun
374 545 665 597 socmnmconrm
678 526 803 598 mmm
817 545 977 598 murrum
991 545 1173 597 incuuarre.
1214 545 1247 596 ss

137 696 143 705 ¹
233 675 307 744 dns.
319 673 373 743 Sic
379 672 421 742 ab
435 671 654 743 exterioribus
674 672 717 741 ud
729 672 901 753 interiora,
916 673 957 743 ab
972 672 1189 744 interioribus
1203 673 1246 741 ad

231 790 402 883 superiora
421 788 588 859 ducimur.
605 788 752 858 Potentia
766 788 863 878 quasi
877 790 1006 859 medius
1019 788 1185 859 terminus
1197 795 1248 859 est

188 914 191 923 “
232 907 319 978 inter
332 906 525 976 exteriorem
540 910 652 974 actum
675 911 709 974 et
729 894 867 974 interius
888 906 1007 994 agendi
1028 904 1244 995 principium,

235 1021 423 1107 scientiam;
437 1021 575 1091 scientia
589 1024 667 1089 vero
682 1020 755 1109 ipsa
769 1020 864 1110 quasi
879 1021 1007 1090 medius
1022 1020 1186 1091 terminus
1198 1026 1250 1088 est

235 1138 323 1208 inter
334 1139 514 1230 polentiam
527 1145 560 1207 et
572 1136 729 1228 superius
743 1136 900 1226 quiddam
913 1140 1002 1206 unde
1017 1138 1076 1207 lux
1089 1144 1122 1208 et
1134 1138 1199 1207 vita
1213 1136 1249 1204 in

201 1332 205 1339 ‚
237 1254 386 1324 animum
412 1253 628 1334 descendunt,
658 1252 785 1323 scilicet
811 1254 935 1322 bonum.
963 1253 1002 1321 Et
1025 1253 1090 1322 alta
1116 1253 1249 1344 quidem

237 1371 287 1439 vis
299 1371 427 1460 vulgari
440 1370 498 1441 isti
521 1369 652 1440 dicendi
677 1370 775 1439 modo
793 1369 891 1450 inest,
907 1369 1086 1459 qquraeci
1102 1370 1252 1438 simulet

236 1486 340 1556 nuni
351 1494 385 1557 o
397 1487 615 1576 carumque
626 1486 744 1576 apim
753 1464 940 1556 enormen
953 1485 1144 1574 exprimunt
1158 1513 1166 1554 :
1181 1492 1253 1573 na·-

236 1610 285 1682 ot<
299 1611 368 1693 πρός
381 1631 421 1687 τι,
436 1603 545 1675 bonus
559 1602 601 1671 ad
608 1600 753 1692 aliquid,
772 1605 832 1671 bon
848 1608 869 1670 o
884 1604 1013 1691 quelque
1035 1606 1143 1684 close3
1164 1582 1252 1672 adcd

236 1718 305 1810 ipsa
330 1719 505 1788 hominum
538 1717 717 1787 multitudo
742 1739 937 1808 supremum
962 1717 1113 1787 omnium
1136 1739 1251 1788 rerum

237 1835 363 1904 fontem
377 1842 411 1903 et
421 1834 583 1923 originem
595 1833 718 1905 Bonam
727 1855 800 1902 esse
816 1834 1006 1926 suspicatur
1018 1838 1026 1902 l

282 1951 316 2021 ld
330 1955 419 2036 noro,
431 1949 486 2019 cui
497 1950 664 2034 attendas,
681 1948 828 2019 maxime
842 1951 877 2018 in
889 1950 1019 2039 dialogo
1031 1948 1170 2039 dignum
1187 1958 1250 2034 cst,

237 2066 325 2157 qudd
340 2065 492 2137 restricto
511 2067 698 2156 quodamct
714 2066 910 2157 particulari
926 2088 1026 2137 sensu
1046 2068 1144 2136 etiam
1162 2087 1254 2136 nunc
1354 2140 1360 2151 ,

239 2182 435 2269 intelligitur
455 2182 582 2250 honum
599 2188 658 2252 aut
678 2191 712 2254 τὸ
732 2189 850 2271 matti.
880 2184 993 2274 Neque
1009 2183 1097 2252 enim
1120 2182 1254 2273 Hippias

239 2298 286 2367 ibi
299 2298 450 2368 absolute
465 2299 573 2369 bonus
597 2299 733 2381 dicitur,
757 2301 816 2370 sed
834 2299 940 2370 honus
966 2301 1007 2368 cd
1026 2299 1256 2369 subducendos

239 2415 405 2487 calculos:
422 2393 509 2485 idem
523 2414 561 2484 in
580 2437 619 2487 rc
636 2415 808 2505 singulari,
832 2423 1023 2491 nouantem
1039 2417 1203 2503 absolute,
1222 2421 1257 2485 et

239 2530 347 2601 sciens
363 2538 396 2600 ot
412 2541 530 2622 potens
543 2540 575 2602 ot
587 2529 691 2622 agens
704 2504 837 2603 dicitur.

283 2647 378 2736 Ergo,
403 2670 477 2739 quae
497 2648 630 2740 Hippias
656 2649 736 2738 agit,
761 2657 880 2740 potest,
907 2648 1008 2731 norit,
1030 2670 1069 2719 ea
1092 2650 1133 2719 ad
1154 2650 1256 2718 tinem

241 2764 420 2852 quemdam
436 2765 670 2854 particularem
693 2765 902 2852 reseruntur,
922 2765 981 2855 qui
1004 2765 1074 2856 ipse
1090 2766 1131 2834 ad
1150 2766 1257 2856 magis

240 2881 425 2968 generalem
440 2881 540 2950 tinem
562 2882 720 2953 refertur,
737 2881 851 2972 Neque
873 2883 978 2963 enim,
1003 2884 1082 2951 dum
1103 2904 1258 2952 numera-

241 3017 330 3079 mus,
345 3017 452 3065 unum
469 2998 676 3088 propositum
690 2999 851 3069 habemns
874 3020 1065 3086 numerare,
1091 3001 1150 3069 sed
1168 3000 1258 3068 aliud

241 3112 399 3200 quiddam
415 3113 457 3182 ad
470 3113 559 3203 quod
577 3118 615 3183 ed
632 3114 685 3184 via
698 3116 881 3186 tendimus.
903 3117 995 3187 Unde
1010 3119 1046 3186 lit
1059 3125 1096 3185 ut
1110 3116 1176 3185 duo
1191 3116 1258 3184 sint

244 3227 472 3298 doctrinarum
485 3250 605 3318 genera
621 3254 630 3296 ε
645 3231 787 3300 alterum
802 3232 844 3301 iis
856 3235 957 3302 rebus
969 3233 1092 3313 studet,
1109 3252 1259 3322 quaenon

149 3394 155 3406 .
244 3351 378 3434 pmpter
397 3365 431 3414 se
450 3348 594 3427 tantum,
611 3346 670 3415 sed
687 3356 819 3438 pmpter
834 3348 961 3438 aliquid
974 3350 1083 3443 majus
1100 3358 1259 3439 expetun-

244 3465 319 3543 tur,
352 3461 495 3529 alterum
520 3467 628 3530 autem
648 3485 844 3554 supremum
871 3471 904 3534 et
927 3465 1116 3534 absolutum
1142 3464 1256 3543 finem,

184 3566 189 3573 ’
244 3575 385 3666 Bonum
397 3597 465 3644 non
476 3585 613 3668 propter
622 3578 728 3667 aliud,
740 3581 797 3675 sed
812 3581 1078 3672 propteripsum,
1094 3581 1256 3670 sequitur.

289 3692 437 3761 Socrates
450 3698 562 3763 autem
577 3694 708 3784 primus
727 3697 979 3785 diligentissimi
998 3701 1078 3766 cura
1099 3699 1185 3766 hona
1206 3718 1260 3765 su-

245 3807 371 3898 periori
399 3808 533 3877 cuidam
563 3810 648 3879 hono
677 3812 822 3902 subjecto
846 3814 888 3881 ab
921 3813 1075 3882 absoluto
1098 3814 1185 3882 bono
1208 3812 1260 3879 di·

247 3921 373 4004 stinxit,
398 3924 486 4013 quod
501 3924 602 4014 plane
618 3935 766 4017 apparet,
782 3950 886 4017 quum
903 3950 944 3997 ex
958 3929 1103 3997 Platonis
1116 3928 1261 4014 Dialopis

246 4045 319 4107 tum
341 4060 380 4108 ex
403 4040 461 4108 illo
480 4041 725 4113 Memorabilium
737 4046 810 4114 loco
824 4044 882 4114 ubi
901 4044 1053 4135 ambigua
1074 4043 1173 4123 bona,
1190 4032 1280 4132 quae‘

248 4153 372 4243 duplici
398 4157 526 4225 ratione
547 4159 686 4250 intelligi
709 4168 741 4230 et
766 4162 807 4229 ad
830 4161 995 4251 duplicem
1019 4181 1117 4229 usum
1145 4158 1263 4227 diverti

249 4279 375 4359 queunt
388 4271 1265 4367 (iponem),acortoetfixohonodiscernunturquod
