2990 4918
300 507 333 560 so
364 532 374 549 ι
612 501 753 571 onereris
766 496 882 558 umeris
899 506 993 558 umen

302 654 368 724 que
381 633 492 700 omnia
511 632 650 710 ratione,
674 634 822 702 oratione
836 639 869 702 et
886 638 974 715 actu,
991 652 1051 723 per
1063 653 1182 723 genere
1194 634 1315 705 dialec-
1367 625 1370 631 ’

301 749 366 817 tire
379 747 561 817 distribuit.
584 747 676 826 Quod
692 750 720 817 si
735 749 877 837 reliquis
890 749 1073 838 Protagorae
1087 749 1195 818 verbis
1213 751 1314 833 tidem

303 865 530 945 adhibeamus,
556 872 669 946 narrat
692 887 711 933 a
735 867 906 947 Mercurio,
936 868 993 956 qui
1016 866 1115 934 Casiis
1140 888 1315 956 personam

302 981 399 1070 gerit,
415 981 571 1049 omnibus
584 982 656 1071 pari
671 987 758 1050 sorte
767 983 921 1071 pudorem
931 989 964 1050 et
970 984 1127 1070 justitium
1139 982 1315 1052 distributa

303 1097 418 1178 tuisse,
434 1097 528 1186 quasi
550 1097 619 1167 baee
636 1097 746 1166 omnia
763 1098 901 1165 minIme
915 1119 956 1166 ex
971 1097 1124 1168 doctrina
1136 1105 1235 1187 atque
1247 1106 1318 1169 arte

304 1213 495 1304 penderent.
520 1214 819 1294 Verumenimverb,
835 1234 942 1302 neque
968 1219 1083 1282 natura
1110 1235 1218 1303 neque
1232 1236 1317 1309 oaeeo

305 1329 464 1403 instinctu
485 1330 622 1399 virtutes
649 1330 738 1419 gigni
759 1336 854 1420 putat
876 1329 1038 1414 Socrates,
1059 1331 1116 1399 sed
1137 1331 1264 1401 ratione
1286 1339 1318 1400 et

305 1445 536 1535 intelligentid;
556 1453 688 1537 raptum
709 1448 800 1519 enim
812 1448 920 1535 ignem
939 1447 981 1514 ab
996 1447 1053 1514 ilio
1066 1454 1187 1516 aeterno
1199 1447 1319 1517 divinae

303 1562 529 1651 intelligentiae
542 1562 635 1651 quasi
652 1563 724 1631 ioco
745 1570 778 1631 et
795 1562 961 1643 incendio,
979 1584 1039 1631 nos
1054 1563 1166 1631 inimo
1186 1544 1318 1654 pectore

302 1679 486 1748 redivivum
504 1680 593 1748 alere
609 1696 800 1770 possumne,
816 1680 994 1748 dummodo
1008 1680 1105 1747 illum
1123 1680 1285 1750 stientits
1304 1720 1317 1732 ·

302 1793 649 1883 neamusimdignem
660 1795 754 1863 illurn
765 1818 841 1864 oum
851 1796 927 1864 aliis
937 1780 1126 1866 hominibus
1135 1797 1320 1865 eommuni-

301 1930 389 1991 aare,
413 1910 559 1980 adhibita
583 1911 745 1991 doctrina,
776 1911 1096 1981 lieettPrometbeus
1111 1913 1200 1981 enim
1214 1912 1319 1982 virtu·

302 2027 487 2115 tem,oujus
495 2027 567 2116 ipse
575 2026 639 2125 sihi
650 2027 811 2096 rationem
820 2027 940 2108 reddit,
948 2028 1153 2107 dooereetad
1163 2029 1317 2098 aiiostra-

301 2143 421 2213 duoere
436 2148 562 2232 potest3
577 2143 688 2211 sterile
694 2143 1002 2232 verbinltpirnethei
1017 2151 1127 2214 mente
1137 2164 1261 2215 munus
1276 2146 1316 2213 il-

260 2270 264 2276 ’
302 2258 463 2347 ludjaoet,
477 2258 565 2345 quod
575 2259 754 2326 extortunt
764 2259 892 2327 favente
902 2256 1028 2328 inscius
1040 2260 1315 2352 etinersaooepit,

345 2373 425 2452 Quis
442 2372 545 2462 igitur
561 2395 627 2442 non
637 2372 747 2443 videat
760 2377 921 2463 qua'ntbm
933 2375 1056 2465 Hippiae
1066 2377 1196 2445 Minoris
1210 2398 1317 2467 prooe-

304 2491 409 2560 mium
431 2496 464 2559 et
484 2511 561 2560 eum
582 2492 707 2560 eaeteris
732 2492 968 2561 socraticorum
997 2512 1189 2562 sermonum
1212 2515 1318 2584 prooe

304 2607 381 2676 miis
396 2614 569 2698 congruat,
585 2614 618 2677 et
638 2631 715 2677 eum
735 2609 874 2697 reliquis
893 2609 1000 2700 ipsius
1023 2610 1147 2700 Htpptae
1163 2610 1317 2699 partibus

305 2726 489 2795 cohaereat?
504 2726 558 2796 Sio
572 2727 661 2794 enim
675 2733 880 2816 praeparatur
892 2734 925 2795 et
939 2727 1083 2824 quodam
1098 2726 1197 2796 modo
1212 2728 1319 2818 praeli·

305 2841 404 2910 batur
416 2842 609 2932 gravissima
620 2843 678 2911 illa
693 2843 842 2930 quaestio,
853 2846 968 2911 utrum
981 2844 1015 2912 in
1030 2843 1155 2913 ratione
1169 2852 1202 2913 et
1213 2844 1319 2914 soien-

306 2959 351 3026 tid
371 2959 433 3028 sita
447 2959 491 3028 sit
512 2980 586 3027 vera
599 2957 747 3038 libertas,
763 2979 805 3026 an
823 2958 859 3025 in
873 2958 1006 3053 arbitrii
1022 2960 1196 3048 eujusdam
1214 2961 1320 3031 incer·

308 3075 428 3144 tissimi
451 3075 602 3159 libidine,
627 3072 692 3164 quo
718 3073 794 3162 quis
818 3074 927 3144 soiens
950 3080 982 3143 et
1006 3075 1115 3145 volens
1143 3077 1230 3145 mala
1260 3097 1320 3168 pro

307 3192 402 3262 bonis
417 3192 569 3279 eligeret.

351 3310 416 3377 Nee
437 3315 548 3378 tamen
570 3308 683 3378 statim
701 3307 742 3377 ad
759 3328 952 3397 supremum
968 3308 1064 3377 ilium
1078 3309 1179 3379 tetius
1200 3308 1322 3399 dialogi

309 3425 410 3504 tinem
433 3425 581 3514 rapimur
594 3449 601 3506 3
627 3423 684 3492 sed
711 3423 908 3512 priusquam
924 3424 965 3502 de
979 3424 1194 3514 cogitatorum
1210 3432 1243 3495 et
1258 3426 1322 3495 sao-

308 3547 421 3611 torum
435 3540 650 3629 discrepantia
665 3545 793 3629 agatur,
810 3545 904 3611 antea
923 3541 964 3610 de
975 3542 1193 3631 cogitatorum
1206 3548 1238 3610 et
1252 3563 1323 3610 uer-

307 3658 428 3726 borum
447 3657 663 3735 dissensione,
685 3664 718 3724 et
736 3655 777 3723 de
793 3661 870 3724 vere
886 3657 1051 3734 mendacii
1071 3662 1188 3727 naturd
1209 3658 1323 3747 dispu-

307 3775 386 3843 tatio
412 3780 473 3843 est.
499 3774 556 3842 Hic
578 3777 667 3857 veri),
689 3779 727 3840 ut
750 3771 787 3839 in
811 3772 962 3861 reliquis,
993 3781 1104 3861 εὐτυχία
1132 3779 1165 3841 et
1188 3775 1323 3862 εὐπραξία

186 3926 188 3931 <
307 3896 544 3980 opponuntur:
574 3889 657 3957 nihil
675 3887 765 3958 enim
790 3888 896 3977 magis
927 3911 945 3956 a
971 3890 1108 3958 veritate
1129 3890 1320 3979 abhorrere,

309 4007 393 4076 nibil
419 4007 524 4094 magis
548 4006 716 4075 mendacio
741 4004 827 4073 volvi
855 4013 1023 4096 πολυτρόπῳ
1052 4006 1192 4087 videtur,
1223 4027 1324 4098 quam

310 4122 368 4190 illa
392 4128 503 4211 εὐτυχία
522 4128 619 4210 atque
641 4120 751 4211 opinio
771 4142 901 4212 semper
924 4122 1123 4205 inconstans,
1145 4123 1200 4193 eui
1225 4144 1324 4193 nemo

311 4244 361 4307 est
374 4241 431 4330 qui
444 4239 608 4309 confidere
621 4244 760 4307 teuset
776 4241 1040 4330 seenruspossit.
1058 4268 1065 4281 ‘
