2990 4918
243 485 275 535 u
518 506 526 515 „
559 477 696 537 rmroms
710 481 828 534 nnnns
844 482 946 559 amon.
975 458 977 463 ’

245 619 512 700 γραμματικώτερον
526 618 576 695 μὲν
593 617 640 679 τὸν,
657 616 837 694 ἐπιστάμενον
851 618 1003 698 γράμματα
1015 621 1062 678 τοῦ
1083 617 1121 696 μὴ
1145 617 1256 681 ἐπιστα-

245 738 329 813 μένου
346 735 399 818 φῂς
413 730 501 812 elram
526 762 566 776 -·
583 733 649 793 Ναί.
666 763 707 776 -
722 729 902 814 Δικαιότερομ
914 731 945 793 δὲ
960 733 1005 793 τὸν
1025 733 1203 811 ἐπιστάμενον
1223 733 1258 796 τὰ

245 851 337 912 δίκαια
344 855 393 912 τοῦ
408 850 447 929 μὴ
462 851 663 928 ἐπισταμένου;
681 879 722 891 -
738 848 887 926 satrapa·
905 847 979 911 δοκῶ
991 849 1023 910 δέ
1036 867 1095 926 μοι,
1108 847 1156 909 καὶ
1171 851 1257 910 ταῦτα

246 965 295 1027 οὐκ
310 960 362 1027 οἶδ’
377 966 454 1037 ὅπως
474 965 582 1044 λέγειν.
606 981 623 1020 >t
644 995 686 1008 -
707 956 802 1046 Sane,
826 956 861 1025 in
878 958 938 1025 hoc
952 957 1025 1025 1000
1039 956 1189 1026 Socrates
1201 964 1257 1025 aul

246 1095 340 1142 suam
355 1074 478 1164 ipsede
496 1073 620 1143 virtute
644 1073 833 1164 opinionem
857 1078 914 1140 aut
926 1073 1096 1160 vulgarem
1123 1070 1254 1141 retollit.

244 1189 324 1267 Quis
338 1197 449 1258 autem
463 1190 576 1259 eredat
587 1190 644 1258 hie
655 1193 731 1258 vere
745 1211 764 1258 a
777 1188 908 1258 Socrate
922 1188 1138 1258 voluntariam
1153 1189 1257 1277 injus-

244 1308 352 1376 titiam
363 1307 506 1394 admitti,
520 1328 624 1399 quum
638 1307 726 1375 idem
740 1306 775 1373 in
787 1307 1002 1395 sequentibus
1012 1305 1257 1379 Memorabilium

245 1421 327 1490 locis
343 1423 502 1492 virtutem
518 1443 596 1491 oum
616 1422 751 1491 seientia
774 1422 908 1491 omnint
930 1424 1081 1510 misceat,
1103 1429 1137 1492 et
1149 1422 1256 1491 nemi-

244 1558 321 1606 nem
337 1539 450 1629 pejora
468 1539 662 1609 melioribus
679 1539 838 1608 scientem
861 1558 1050 1628 praeponere
1071 1539 1255 1608 contendat.

244 1653 327 1742 Ergo
341 1655 487 1744 vulgaris
502 1656 555 1724 hic
569 1654 681 1745 opinio
696 1676 715 1723 a
733 1654 866 1724 Socrate
882 1654 1053 1739 refellitur,
1070 1675 1170 1744 quam
1185 1654 1258 1723 ideo
1292 1724 1294 1729 ,

245 1770 423 1839 absurdam
446 1791 518 1840 esse
544 1777 649 1861 putat,
678 1771 779 1861 quod,
802 1770 919 1859 positis
947 1770 1102 1839 omnihus
1121 1770 1257 1860 justitia

244 1888 364 1972 causis,
389 1887 555 1975 justitiam
576 1893 688 1956 tamen
704 1887 813 1977 ipsam
829 1887 911 1956 alfaei
929 1894 961 1955 et
974 1887 1129 1977 consequi
1145 1893 1254 1975 neget.

243 2003 324 2070 Nam
345 2003 399 2072 eui
416 2010 450 2073 at
473 2002 610 2073 scientia
628 2000 744 2093 optimi
760 2008 793 2071 et
815 2002 961 2092 potentia
983 2002 1080 2087 inest,
1099 2003 1256 2092 quaejam

244 2119 327 2186 ratio
342 2119 436 2188 reddi
459 2121 592 2209 poterit,
612 2139 673 2188 our
696 2118 753 2187 ille
775 2139 843 2187 non
859 2105 983 2208 optime
1006 2123 1101 2208 agat?
1122 2121 1214 2199 Quod
1228 2122 1257 2190 si

244 2235 321 2304 fieri
330 2244 444 2304 tamen
454 2240 574 2325 posset,
591 2235 653 2304 iste
668 2234 787 2304 melior
796 2235 895 2303 etiam
903 2234 1070 2304 videretur
1080 2237 1136 2325 qui
1151 2238 1256 2306 sciens

244 2351 369 2439 injuste
387 2352 628 2439 ageret,.quam
649 2350 706 2439 qul
726 2350 868 2418 invitus:
897 2340 1007 2418 omnia
1034 2351 1175 2420 enimin
1197 2352 1255 2420 illo
1295 2374 1301 2391 ·

230 2466 337 2555 {quasi
351 2465 391 2534 ad
403 2466 565 2555 justitiam
575 2474 688 2558 parata
704 2475 736 2537 et
747 2467 864 2537 idonea
876 2474 966 2547 sunt,
983 2469 1146 2536 dummodd
1164 2469 1253 2551 oelit;

243 2587 342 2673 porro
364 2583 457 2652 nulla
476 2584 560 2652 ratio
585 2584 648 2687 erit
670 2605 730 2653 our
748 2606 814 2653 non
839 2583 933 2664 velit;
960 2588 1036 2672 ergo
1059 2586 1158 2667 volat,
1178 2590 1255 2675 ergo

240 2703 349 2791 justus
368 2702 442 2782 erit,
466 2723 533 2770 non
556 2690 719 2792 injustum
749 2707 826 2791 ergo
852 2701 1045 2793 hypothesis
1069 2702 1139 2786 illa,
1166 2702 1256 2771 unda
1295 2697 1299 2705 “
1331 2721 1334 2727 ·

242 2818 380 2908 proiecti
401 2836 531 2902 sumus,
552 2818 616 2887 sibi
638 2819 710 2909 ipsa
732 2819 868 2886 damaim
889 2824 1050 2907 repugnat
1073 2823 1106 2886 et
1128 2823 1255 2886 eontra·

243 2932 340 3009 dicim
355 2938 444 3014 οὐδεὶς
455 2941 543 3014 κακὸς
558 2941 642 3003 ἑκών.
921 2930 927 2938 “
1240 3017 1243 3022 ⁸

285 3050 363 3138 Age,
385 3049 420 3116 in
434 3049 507 3138 ipso
521 3048 665 3117 Platonis
681 3049 808 3138 llippld,
828 3048 979 3117 eamdem
992 3034 1134 3116 Socratis
1155 3068 1252 3136 argu·

242 3164 476 3234 mentationem
501 3163 691 3254 diligentius
707 3184 908 3255 expressam,
933 3162 1124 3252 diligentiis
1143 3170 1175 3232 et
1192 3184 1253 3233 nos

241 3282 500 3353 consideremus.
582 3362 584 3365 ¹
