2990 4918
296 508 311 558 ²
605 505 995 560 raammsanrnsunon

295 635 434 721 videtur,
459 634 601 704 Socratis
629 634 738 725 imago
761 634 833 703 fere
860 633 1010 702 omnium
1038 639 1164 702 mentes
1191 634 1305 702 nostra

295 751 431 842 quidem
447 758 540 821 aetate
559 728 803 847 occupavisset3
832 755 896 840 qua
920 750 1060 840 decepti,
1087 752 1197 819 bonam
1218 749 1306 816 illum

296 868 455 938 Socratem
476 869 522 937 ita
539 868 636 936 nohis
653 857 822 957 fingimus,
841 874 879 936 ut
901 890 1074 957 nunquam
1095 867 1150 937 ille
1171 888 1190 935 a
1216 887 1304 935 com·

296 986 388 1054 muni
410 1007 510 1054 sensu
534 985 719 1066 abhorreat,
741 984 902 1074 quidquid
918 985 955 1052 in
972 984 1179 1075 philosophia
1200 982 1305 1055 altum

295 1108 328 1170 et
344 1102 488 1171 sublime
503 1107 621 1170 cautus
632 1102 749 1191 fugiat,
764 1107 797 1169 et
809 1101 965 1190 pulchras
974 1100 1107 1191 quidem
1124 1099 1304 1170 sententias

296 1218 420 1289 devita
443 1224 475 1289 et
496 1219 646 1287 moribus
668 1217 835 1310 praedicet,
862 1217 920 1286 sed
941 1238 1013 1306 quae
1035 1216 1133 1286 hodia
1154 1216 1307 1306 vulgares

295 1355 366 1403 esse
379 1336 564 1405 videantur.
583 1376 622 1388 -
643 1335 689 1402 Ex
707 1335 826 1426 quibus
851 1336 1006 1425 quiajam
1026 1342 1232 1432 compertum
1250 1337 1307 1403 ha-

294 1453 372 1521 bere
404 1454 536 1543 poterit,
565 1474 668 1543 quare
695 1459 728 1520 et
752 1452 988 1541 Aristophanes
1018 1473 1203 1541 magnaque
1229 1474 1308 1542 pars

293 1568 542 1639 Atheniensium
571 1569 682 1638 omnia
713 1569 885 1638 aSocrate
915 1569 1041 1655 novari,
1070 1569 1212 1652 turbari,
1238 1590 1308 1638 cor·

294 1685 407 1777 rumpi
421 1687 620 1772 censuerint,
642 1693 674 1756 et
694 1687 783 1755 Plato
801 1688 976 1777 caeterique
993 1687 1134 1756 Socratis
1155 1686 1306 1777 discipuli

294 1800 493 1870 altissimum
509 1800 658 1893 magistri
674 1801 845 1892 ingenium
859 1806 988 1872 summa
1000 1802 1218 1872 admiratione
1231 1822 1307 1894 pro-

295 1917 398 1986 secuti
413 1917 503 1986 sint?

339 2033 447 2110 Quum
463 2035 538 2100 verb
553 2031 661 2113 nohis,
678 2031 743 2099 nisi
759 2052 872 2099 errore
885 2030 1048 2118 ludimur,
1070 2032 1208 2101 collatus
1230 2052 1307 2099 cum

295 2148 520 2239 Xenophontis
534 2156 565 2217 et
583 2148 764 2216 Aristotelis
779 2146 970 2216 testimonio
985 2147 1135 2236 dialogus
1154 2146 1225 2235 ille,
1241 2147 1308 2237 pri-

296 2269 389 2335 miim
404 2288 444 2334 ex
467 2265 557 2334 omni
580 2271 674 2355 parte
696 2264 915 2344 clarissimus,
937 2264 1056 2333 deinde
1080 2264 1121 2332 ad
1146 2263 1308 2333 veriorem

296 2384 438 2452 Socratis
453 2382 633 2472 imaginem
652 2380 899 2450 informandam
916 2381 1059 2450 maxima
1080 2389 1188 2472 aptus,
1217 2381 1310 2450 deni-

296 2520 361 2587 que
379 2500 451 2589 ipsa
463 2497 679 2590 philosophia
697 2499 824 2569 ratione
838 2499 1056 2589 gravissimus
1072 2504 1106 2569 et
1127 2498 1311 2569 altissimus
1379 2524 1393 2549 r

295 2615 459 2704 uideatur,
476 2607 740 2707 operaepretium
754 2616 823 2685 lore
837 2610 1024 2707 speramus,
1045 2615 1072 2684 si
1087 2614 1249 2706 quidquid
1264 2613 1312 2683 ibi

296 2753 315 2799 a
330 2732 461 2800 Platone
479 2737 552 2801 tum
574 2733 742 2814 subtilius,
765 2739 839 2801 tum
859 2733 1040 2802 sublimius
1055 2734 1095 2801 de
1116 2732 1261 2803 scientiae
1274 2753 1313 2800 ac

295 2845 473 2916 voluntatis
484 2852 601 2915 natura
620 2849 824 2938 disputatum
839 2856 899 2932 est,
915 2851 950 2917 in
968 2851 1101 2940 plenam
1118 2848 1313 2938 luccmpro·

298 2963 375 3032 dere
404 2962 470 3031 nisi
497 2962 632 3031 erimus.
659 2963 832 3052 Praeterea,
858 2986 963 3053 quum
994 2963 1163 3053 dialogum
1194 2962 1310 3060 istum,

298 3079 442 3147 maxime
454 3077 541 3147 inter
554 3100 672 3147 omnes
694 3085 934 3171 contemptum,
952 3080 1066 3169 quanti
1088 3078 1143 3166 sit,
1165 3085 1198 3147 et
1214 3083 1314 3168 quam

298 3193 464 3278 miranda,
480 3196 582 3283 quam
595 3192 631 3260 in
649 3194 858 3284 philosophia
870 3215 951 3263 nova
969 3194 1146 3280 contineat,
1164 3190 1316 3284 ponderi·
1347 3176 1361 3197 '

298 3309 361 3377 bus
374 3310 495 3378 nostris
509 3310 795 3401 perpenderimus,
813 3311 861 3379 sic
876 3311 1015 3380 sortasse
1031 3311 1072 3380 ab
1085 3332 1152 3379 uno
1165 3309 1315 3400 exemplo

301 3426 385 3495 disci
406 3427 527 3519 poterit
545 3431 705 3518 quantiam
728 3449 747 3496 a
768 3450 846 3498 vero
871 3429 1023 3497 aberrent
1045 3428 1098 3496 illi
1121 3428 1316 3518 interpretes

300 3544 372 3632 qui,
387 3566 492 3634 quum
502 3545 662 3614 ultimum
679 3545 853 3615 scribentis
866 3545 1040 3614 consilium
1054 3551 1152 3634 atque
1165 3543 1316 3612 intimam

302 3660 499 3728 sententiam
518 3661 706 3753 perspicere
726 3668 903 3752 nequeant,
926 3683 998 3731 rem
1017 3661 1129 3731 statim
1147 3681 1213 3728 non
1238 3657 1315 3746 sibi,

302 3775 360 3845 scd
381 3777 519 3867 auctori,
544 3779 679 3849 crimini
699 3786 832 3850 vertunt
850 3779 1074 3868 indignantes,
1091 3784 1191 3867 atque
1210 3783 1264 3845 aut
1278 3774 1318 3843 li-

300 3891 401 3960 brum
416 3893 541 3963 Platoni
563 3876 621 3985 per
635 3896 703 3965 uim
724 3896 819 3986 quasi
837 3895 1014 3986 abreptum
1037 3895 1125 3963 inter
1148 3891 1317 3962 subdititia

301 4009 461 4098 relegant,
484 4018 667 4082 autunum
691 4035 731 4082 ex
751 4014 793 4083 iis
819 4034 891 4083 esse
907 4013 1123 4098 contendunt,
1139 4011 1175 4078 in
1196 4011 1317 4101 quibus

303 4125 504 4194 arbitrantur
513 4127 681 4199 Platonem
696 4131 810 4203 minus
824 4151 899 4202 vera
914 4131 1030 4200 docere
1049 4131 1149 4219 quam
1163 4127 1198 4196 in
1209 4126 1320 4197 adver·

303 4242 406 4311 sarios
420 4243 527 4312 risum
545 4232 688 4317 monere.

1485 3910 1487 3933 t

1485 3942 1486 3971 l

1485 3976 1486 3989 t

1485 4106 1486 4147 l

1485 4170 1486 4207 l

1485 4212 1486 4237 t

1485 4240 1486 4303 l
