2990 4918
273 483 305 535 u
582 482 721 533 tricionis
738 480 855 535 lllPPllS
869 481 964 534 lllllOll

219 680 220 685 ,
275 606 364 699 «Ἆρ’
380 611 427 679 οὖν
441 617 455 678 ὃ
469 616 549 688 εἰδὼς
566 616 629 689 τοὺς
643 615 723 688 θεοὺς
737 621 818 696 τιμᾷν
835 613 886 678 οὐκ
907 615 1007 689 ἄλλως
1029 614 1114 679 οἴεται
1128 615 1185 678 δεῖν
1207 619 1287 679 τοῦτο

273 736 363 803 ποιεῖν
380 735 400 811 ἢ
409 733 455 823 ως
470 727 561 811 oiim
582 704 625 775 -ἔ
638 730 678 793 Οὐ
691 732 747 814 γὰρ
760 725 820 808 οὖν,
840 728 902 813 ἔφη..
921 763 963 775 -
974 723 1095 804 ’Ἄλλως
1111 732 1141 792 δέ
1154 753 1195 804 τις
1206 732 1288 825 tecte

272 855 339 930 τιμᾷ
355 850 376 929 ᾗ
393 849 432 921 ὡς
450 847 535 910 οἴεται
549 848 626 926 &eim
645 881 687 893 -
703 847 765 911 Οὐιι
777 842 866 926 οἶμαι,
883 848 947 930 ἔφη.
970 867 986 907 ν
1003 880 1048 895 ·-
1070 843 1123 911 Sic
1135 845 1288 912 rationem

273 979 333 1049 per
353 979 452 1048 quam
471 979 526 1027 res
549 958 749 1046 intelligitur
768 980 845 1027 cum
863 963 958 1027 conset
980 980 1039 1049 per
1061 981 1161 1050 quam
1187 959 1287 1028 effici-

273 1081 341 1159 tur‚
367 1075 539 1144 scientiam
565 1096 624 1165 per
655 1097 755 1165 quam
775 1096 872 1163 agere
892 1098 1055 1163 possumus
1077 1097 1152 1144 cum
1172 1077 1287 1145 volun-

272 1198 338 1261 tate
352 1214 523 1283 perquam
552 1196 683 1280 opimos,
709 1193 862 1283 denique,
893 1200 931 1262 ut
952 1194 1141 1264 Aristoteles
1164 1195 1286 1264 Socrati

273 1310 418 1400 objiciet,
434 1311 614 1400 potentiam
630 1333 707 1380 cum
720 1317 807 1397 actu,
824 1312 942 1380 miscet
952 1313 1087 1380 omnino
1103 1319 1135 1382 et
1149 1314 1288 1382 conlun-

274 1425 322 1494 dit
336 1432 447 1494 nostor
460 1426 692 1517 philosophus.
713 1427 771 1495 llle
783 1428 873 1496 enim
893 1427 927 1496 in
951 1450 1069 1518 genere
1084 1429 1183 1497 sitam
1201 1452 1285 1511 esse,

276 1564 380 1633 quum
396 1541 445 1612 rei
460 1544 648 1625 essentiam,
667 1543 851 1612 tumeliam
872 1566 1006 1613 causam
1023 1543 1284 1626 arbitrabatur²;

275 1659 365 1727 unde
375 1658 413 1726 fit
426 1666 475 1740 ut,
493 1659 655 1749 quidquid
667 1659 833 1749 agendum
848 1660 1016 1751 putemus,
1038 1660 1073 1728 id
1089 1659 1201 1729 statim
1216 1664 1299 1750 aga-¹

276 1759 467 1845 musicis
487 1776 647 1865 igiturex
669 1776 831 1865 cogitatis,
853 1784 892 1845 ut
916 1777 1064 1847 notiones
1084 1799 1123 1846 ex
1138 1777 1212 1848 aliis
1233 1799 1289 1845 no-

273 1892 434 1972 tionibus,
451 1899 489 1960 ut
507 1892 733 1979 conclusiones
749 1912 788 1961 ex
799 1893 983 1983 principiis,
1000 1893 1099 1963 modo
1120 1893 1287 1963 dialectico

277 2007 395 2077 deduci
412 2014 569 2105 possunt
594 2006 733 2084 Quodsi
755 2009 830 2098 quis
842 2008 1002 2099 'pietatem
1025 2010 1151 2079 ratione
1165 2016 1197 2078 et
1218 2031 1288 2078 ora-

274 2124 376 2205 tione,
394 2124 446 2192 vel
459 2131 557 2212 λόγῳ
566 2175 586 2204 ,,
596 2122 775 2211 generatim
804 2123 942 2192 definire
968 2124 1054 2193 valet
1076 2126 1212 2215 (καθόλου
1230 2131 1289 2213 ορί-

276 2248 395 2329 tector),
415 2239 504 2313 idem
521 2236 672 2308 eamdem
695 2238 820 2308 actione
839 2246 872 2308 et
890 2240 989 2320 lacto,
1016 2241 1068 2309 vel
1089 2247 1193 2330 ἔργῳ,
1214 2241 1289 2310 defi·

275 2355 356 2425 niet.
381 2355 491 2446 Neque
513 2354 603 2423 enim
629 2355 700 2423 ullo
717 2354 815 2425 modo
841 2377 917 2446 pars
946 2359 1050 2426 nostrl
1077 2355 1247 2427 rationalis
1270 2380 1289 2427 a

276 2473 393 2545 morali
410 2478 503 2565 parte
526 2473 754 2564 distinguitur.
779 2498 856 2539 -ιι
877 2474 910 2544 Ὁ
925 2481 980 2564 ἄρα
998 2484 1032 2545 τὰ
1049 2483 1111 2566 περὶ
1128 2483 1192 2556 τοὺς
1211 2462 1291 2558 ceole

275 2600 378 2677 νόμιμοι
394 2597 487 2679 εἰδὼς,
502 2599 626 2679 νομίμως
640 2598 673 2662 ἄν
688 2599 752 2674 τοὺς
765 2592 845 2673 θεοὺς
866 2603 976 2682 τιμῴης
1001 2632 1042 2644 -
1060 2603 1135 2662 Πάνυ
1154 2590 1205 2680 μὲν
1229 2596 1287 2664 οὖν.

276 2744 322 2760 -·-
337 2712 472 2779 olescit
486 2738 521 2798 γε
533 2717 657 2796 νομίμως
671 2724 758 2796 τιμῶν
772 2719 813 2789 ὡς
825 2719 869 2780 δεῖ
880 2723 946 2799 τιμᾷ
957 2740 966 2798 ;
978 2747 1023 2762 -
1038 2721 1104 2792 Πῶς
1116 2719 1172 2800 γὰρ
1189 2717 1236 2793 οὔ;
1249 2748 1289 2763 -

282 2822 315 2892 ‘0
330 2833 360 2894 δέ
373 2854 407 2912 γε
423 2833 461 2905 ὡς
476 2832 521 2895 δεῖ
533 2838 620 2911 τιμῶν
632 2830 744 2914 εὖοεόής
760 2833 835 2912 tear,
865 2865 903 2878 -
918 2836 993 2897 ssavo
1014 2836 1065 2912 μὲν
1087 2829 1146 2912 οὖν,
1164 2833 1228 2915 ἔφη.
1248 2862 1292 2880 -α-

279 2938 315 3009 ‘0
328 2942 384 3030 ἄρα
396 2948 432 3013 τὰ
444 2947 508 3032 περὶ
526 2949 590 3021 τοὺς
604 2950 685 3021 θεοὺς
702 2951 804 3028 νόμιμοι
821 2947 913 3025 εἰδὼς,
932 2948 1024 3031 ὀρθῶς
1041 2947 1074 3010 ἄν
1092 2950 1158 3027 ἡμῖν
1178 2945 1293 3029 οόοεόὴς

278 3058 428 3146 ὡρισμένος
449 3063 508 3147 εἴη;
525 3098 568 3110 -
586 3056 668 3144 Ἐμοὶ
688 3068 769 3146 γοῦν,
790 3065 855 3147 ἔφη,
880 3067 968 3127 δοκεῖ.
987 3083 1004 3124 ι)
1034 3096 1073 3108 -
1092 3059 1291 3128 Socraticam

278 3174 411 3243 tandem
427 3185 577 3246 tenemus
593 3175 723 3266 pietatis
740 3174 977 3256 definitionem,
996 3198 1108 3266 quam,
1127 3176 1224 3246 solitu
1246 3176 1293 3246 in·

281 3291 435 3361 ductione
449 3315 543 3379 usus,
557 3315 575 3359 a
589 3292 754 3382 principio
770 3292 925 3382 generali,
944 3292 1069 3362 scilicet
1078 3292 1227 3373 scientie,
1243 3313 1292 3361 re-

280 3406 406 3495 petivit.
435 3408 537 3499 Nemo
571 3413 681 3477 autem
711 3430 776 3477 non
803 3408 1040 3496 animadvertet
1067 3409 1291 3479 definitionem

280 3522 374 3590 illam
394 3543 449 3611 per
463 3544 558 3610 penos
579 3544 662 3609 esse,
678 3544 745 3592 non
755 3546 814 3612 per
828 3523 1057 3612 differentium.
1080 3525 1178 3593 Totus
1201 3523 1292 3594 enim

280 3638 503 3728 syllogismus,
530 3662 628 3730 quem
659 3640 754 3739 quasi
784 3640 820 3707 in
844 3640 942 3709 breve
970 3647 1120 3711 coactum
1146 3638 1293 3710 definitio

280 3756 522 3855 complectitur,
549 3755 777 3847 hujuscemodi
796 3762 860 3853 est·
878 3756 1012 3846 (claritis
1034 3758 1121 3826 enim
1142 3757 1294 3848 quaestio-

281 3895 357 3941 nem
385 3854 617 3942 difficillimam
633 3873 860 3956 tractabimus
875 3875 903 3943 si
912 3866 989 3944 ¹rem
1008 3873 1175 3946 dialectica
1199 3897 1294 3965 argu·

283 3990 482 4079 mentatione
496 3992 665 4081 geremus)
682 4014 691 4059 ι

315 4184 324 4216 ¹
339 4185 450 4245 Aristot,
463 4183 554 4236 lloral.
571 4184 606 4235 cd
618 4186 720 4237 suam.
734 4188 753 4248 l,
766 4204 790 4238 v.
804 4215 837 4227 ·-
849 4187 909 4239 llide
918 4188 1143 4252 librumnostrum,
1153 4188 1194 4242 cui
1203 4187 1294 4243 titulus
1307 4146 1324 4167 ἢ

283 4263 454 4316 immune:
471 4266 505 4315 la
517 4265 680 4331 philosophie
691 4267 722 4318 de
739 4266 850 4331 Socrate,
864 4274 884 4319 t.
895 4268 914 4332 1,
927 4270 945 4322 l.
959 4283 984 4321 ιι.
