2990 4918
293 501 324 552 ld
604 501 743 555 retronis
759 501 876 556 ulrrlls
893 502 984 555 ultor
1048 519 1050 523 ¹

294 636 422 710 rentur,
449 629 575 720 aliquid
596 628 763 719 pejoribus
786 629 893 697 inesse
911 627 1043 697 deberet
1066 650 1127 698 eur
1147 629 1307 719 eligeren-

278 752 367 827 -tur;
386 746 475 836 quod
491 743 623 835 quidem
644 744 730 813 nihil
744 744 836 812 aliud
853 764 922 813 esse
942 750 1050 834 potest
1064 747 1163 834 quam
1181 745 1306 814 bonum

294 858 530 948 quiddamaut
555 879 671 928 rerum
695 865 754 927 aut
772 858 905 936 falsum,
920 880 985 944 quo
1002 865 1173 926 moveatur
1194 858 1309 926 volun-

292 981 364 1055 tas;
389 975 441 1042 sin
466 974 574 1054 aliter,
598 975 689 1042 nulla
709 975 779 1064 jam
794 975 878 1043 ratio
891 973 984 1043 reddi
1004 981 1102 1064 queat
1118 997 1178 1043 our
1192 975 1304 1064 pejora

293 1090 402 1180 potiris
426 1112 527 1180 quam
544 1090 680 1160 meliora
700 1091 863 1171 velimus3
883 1112 944 1159 neo
956 1092 1023 1180 jum
1048 1092 1117 1160 ullo
1138 1092 1234 1160 modo
1254 1113 1309 1160 ro-

293 1207 403 1275 luntas
419 1212 532 1275 nostra
555 1206 694 1297 intelligi
710 1212 741 1274 et
757 1206 885 1275 deliniri
908 1213 1030 1297 posset.
1054 1206 1183 1275 Diuersa
1206 1207 1309 1297 igitur

292 1321 377 1391 hona
390 1321 590 1412 diversaeque
611 1323 652 1391 de
669 1323 755 1391 hono
780 1322 952 1413 opiniones
975 1322 1139 1391 rationem
1163 1323 1307 1392 reddunt

252 1442 256 1453 '
292 1458 353 1505 eur
381 1438 509 1507 diversa
532 1439 689 1511 velimus«.
721 1438 784 1506 Sed
811 1461 847 1508 re
876 1439 1009 1529 quidem
1035 1442 1114 1507 vera
1146 1438 1306 1520 fallimur.
1417 1534 1424 1541 .
1480 1410 1481 1437 Χ

293 1578 396 1646 quum
409 1557 597 1626 bonabonis
606 1558 769 1627 contraria
786 1564 884 1646 atque
898 1558 1044 1649 opposita
1054 1577 1127 1626 esse
1137 1558 1305 1650 fingimus,

293 1680 331 1741 ut
346 1673 374 1741 si
400 1675 477 1763 quis
499 1675 674 1766 proprium
698 1675 824 1743 bonum
845 1675 1017 1745 communi
1035 1675 1123 1742 bono
1142 1675 1309 1765 finemque
1336 1739 1342 1748 .

293 1788 496 1878 singularem
514 1800 546 1861 et
571 1792 772 1882 peculiarem
791 1791 973 1860 universali
995 1813 1216 1883 supremoque
1237 1814 1307 1860 om-

291 1905 387 1993 nium
396 1906 465 1974 lini
487 1907 674 1997 oppositum
696 1929 766 1977 esse
787 1908 1035 1976 arbitraretur¹.
1063 1909 1173 1999 Neque
1187 1909 1241 1975 illa
1257 1930 1308 1977 re·

292 2042 369 2090 rum
383 2043 466 2090 rana
481 2024 607 2112 speeies
622 2025 657 2090 in
674 2024 819 2113 aliquam
836 2031 982 2091 mentem
1001 2025 1088 2093 eadit
1103 2025 1167 2091 nisi
1180 2024 1305 2093 incerta

292 2140 436 2225 opinione
447 2145 504 2206 aut
524 2141 608 2230 δόξῃ
630 2140 829 2219 fluitantem,
846 2138 940 2206 nulla
954 2144 1031 2208 vero
1046 2141 1307 2208 rerum'scieutid

291 2259 349 2322 aut
371 2261 541 2346 ἐπιστήμῃ
561 2254 751 2344 pollentem.
775 2255 836 2333 Qui
863 2254 953 2323 enim
975 2259 1052 2322 vera
1079 2255 1205 2324 summi
1227 2254 1306 2325 boni

292 2369 427 2439 scientie
450 2372 588 2460 potitur,
612 2371 641 2439 is
662 2372 827 2439 bonorum
850 2370 1073 2440 diversitatem
1098 2373 1134 2440 in
1151 2393 1305 2464 supremo

291 2484 433 2574 quodam
444 2495 543 2576 atque
557 2487 712 2556 universo
723 2509 836 2557 rerum
852 2488 993 2557 termino
1004 2488 1045 2556 ad
1054 2509 1161 2557 unum
1172 2496 1203 2558 et
1216 2489 1305 2557 idem

290 2601 461 2671 reductam
472 2623 543 2671 esse
552 2624 618 2671 non
629 2603 768 2693 ignorat.
780 2604 957 2694 lgitur‚oui
969 2605 1066 2674 firma
1074 2605 1175 2675 inerit
1183 2607 1305 2674 summi

288 2715 379 2784 illius
388 2715 468 2785 boni
479 2727 510 2787 et
522 2702 616 2807 quasi
626 2720 870 2808 generalissimi
885 2721 1015 2809 generis
1028 2722 1155 2801 notitia,
1170 2722 1226 2790 ille
1238 2725 1308 2791 nul·

241 2823 249 2843 '
288 2830 354 2897 lam
367 2832 542 2927 peculiaris
553 2833 736 2925 privatique
749 2836 827 2904 boni
845 2859 921 2905 oum
933 2858 1064 2905 summo
1076 2814 1240 2905 honorum
1258 2861 1307 2925 pe-

288 2966 362 3014 nore
372 2946 808 3040 differentiam'videbitgua
822 2957 979 3041 concepta
989 2972 1156 3020 summum
1169 2951 1304 3041 quidem

287 3065 413 3133 bonum
429 3065 567 3135 seientia
583 3073 708 3148 tenere,
727 3067 818 3136 aliud
834 3074 945 3136 autem
965 3067 1050 3137 sacto
1064 3089 1161 3155 agere
1183 3068 1301 3159 possit.

286 3180 535 3257 Posthahehitur
552 3204 683 3273 semper
707 3184 868 3275 superiori
887 3184 974 3253 bono
1000 3184 1124 3253 bonum
1149 3183 1302 3265 interius,

287 3319 391 3387 quum
403 3297 471 3387 jam
494 3284 588 3367 nullo
609 3300 731 3368 mentis
751 3321 864 3369 errore
888 3299 1080 3370 dialecticus
1092 3321 1205 3369 rerum
1225 3299 1305 3368 ordo

287 3419 509 3484 convertatur.
523 3415 604 3505 Ergo
621 3416 801 3506 quiveram
820 3416 941 3506 optimi
951 3415 1119 3484 scientiam
1134 3422 1235 3492 tenet,
1248 3415 1305 3482 ille

285 3529 370 3598 nihil
383 3529 480 3599 aliud
499 3531 692 3621 cogitatione
709 3532 796 3600 videt
813 3531 902 3622 quod
919 3531 1045 3621 agendo
1059 3533 1215 3622 praeferre
1231 3551 1305 3620 pos·

288 3643 348 3711 sit:
365 3643 450 3713 nihil
465 3644 554 3714 enim
564 3636 688 3736 optimo
702 3646 833 3742 melius.
843 3647 935 3716 Unde¹
943 3648 979 3715 fit
992 3653 1030 3714 ut
1040 3647 1130 3714 nulla
1138 3645 1205 3733 jam
1219 3646 1305 3713 inter

288 3757 458 3829 scientiam
478 3761 606 3831 ratione
620 3770 810 3851 ooneeptam
832 3771 865 3829 et
883 3762 1154 3840 actusvoluntate
1172 3760 1305 3830 effeetus

287 3876 492 3948 intercedere
506 3880 613 3971 possit
628 3880 859 3971 discrepantia.
880 3882 1083 3972 Quapropter
1103 3878 1131 3946 si
1147 3877 1187 3945 ad
1202 3878 1305 3947 virtu·

289 3994 331 4064 lis
346 3995 572 4068 definitionem
592 3998 776 4082 redeamus,
793 3999 927 4088 propria
942 3995 1132 4065 differentia
1145 3994 1181 4064 in
1199 4016 1304 4085 genus

318 4253 328 4287 ¹
344 4256 459 4318 limet..
471 4257 505 4320 11.
516 4241 567 4310 ms
