2990 4918
225 494 300 560 'Slld
316 507 477 559 seculum
494 508 606 560 cancul
621 508 748 559 ulutatu
762 508 924 561 tumultu
939 508 1123 561 lucdunum.
1155 510 1189 561 ta
1213 460 1218 487 Ι

175 638 218 705 tie
232 643 263 705 et
275 637 417 706 relativis
441 636 536 705 banis
555 635 680 725 duplici
700 636 799 704 modo
816 637 865 705 uti
885 643 1007 727 petest;
1032 639 1089 728 qui
1111 644 1186 707 rerd

175 774 279 822 unum
305 759 338 821 et
364 751 528 843 optimum
552 773 665 822 rerum
694 773 793 820 usum
814 775 851 821 ac
874 753 974 823 tinem
997 754 1098 834 novit,
1125 753 1187 824 ille

175 869 306 938 nonnisi
332 873 399 939 uno
423 874 456 939 et
477 875 566 938 certa
596 877 629 938 et
652 868 775 959 optimo
803 869 902 939 modo
924 892 1020 961 agere
1039 877 1145 960 potest
1176 886 1184 937 ¹:

175 987 264 1055 nulla
284 986 376 1055 enim
395 985 478 1054 ratio
495 991 651 1054 remanet.
664 990 767 1075 quare
793 986 930 1075 optima,
959 986 1092 1056 ncti0ne
1117 988 1188 1076 qui-

176 1104 263 1185 dem,
276 1124 345 1172 non
356 1107 431 1172 reru
443 1124 508 1172 usu
523 1082 647 1171 teneat}
658 1102 740 1192 Ergd
754 1102 958 1185 dialecticus,
974 1104 1099 1173 summi
1110 1104 1189 1174 lom

176 1221 295 1303 sciens,
309 1221 421 1309 justus
434 1208 506 1287 ided
519 1241 587 1288 non
603 1240 752 1288 essenon
768 1225 886 1309 potest.
900 1219 1000 1308 Finge
1014 1220 1074 1290 tihi
1088 1242 1191 1310 angu-

177 1338 248 1407 lum
276 1338 455 1428 quemdam
483 1336 700 1428 duplicesque
726 1336 833 1406 lineas
863 1338 904 1407 ad
925 1358 1097 1406 summum
1118 1360 1195 1407 con·

177 1460 331 1543 gruentes
345 1476 353 1521 :
366 1455 456 1522 haud
467 1452 563 1521 aliter
576 1453 705 1523 ridetur
722 1461 755 1524 et
770 1454 934 1523 bonerum
950 1461 983 1523 et
998 1455 1145 1524 scientie
1160 1462 1194 1524 et
1301 1494 1303 1505 =

176 1569 328 1660 potentiae
354 1577 387 1639 et
409 1576 558 1639 acturum
578 1576 645 1639 tota
670 1570 775 1658 regie.
802 1571 949 1661 Namque
972 1570 1008 1640 in
1032 1570 1192 1641 lateribus
1223 1634 1234 1658 ,

177 1687 350 1777 duplicitas
374 1707 481 1777 usque
494 1686 674 1795 inuenitur,
690 1688 795 1756 donec
808 1678 931 1757 summi
946 1687 1103 1757 culminis
1116 1687 1192 1756 uni-

177 1810 226 1871 tas
244 1810 412 1894 appareat.
436 1802 473 1871 ln
496 1803 655 1873 lateribus
668 1805 827 1893 ancipites
844 1805 999 1874 docuinae
1015 1809 1049 1873 et
1063 1804 1190 1894 opinio·

178 1940 235 1987 nes
255 1926 288 1989 et
304 1919 488 1988 voluntates
499 1920 569 1988 sitae
587 1925 681 1999 sunt;
698 1920 733 1988 in
749 1922 894 1992 culmine
908 1928 1019 1990 autem
1038 1928 1089 1990 est
1100 1942 1190 1990 sum-
1293 1959 1300 1973 ·

180 2057 271 2104 mum
286 2026 426 2123 hunum,
444 2038 533 2126 quod
548 2037 606 2127 qui
621 2038 758 2106 scientie
772 2045 804 2106 et
821 2038 977 2129 potentie,
999 2038 1086 2107 idem
1101 2044 1190 2106 certo

179 2173 242 2221 usu
255 2157 358 2221 tenet.

222 2268 317 2336 Errat
330 2267 433 2356 igitur
448 2267 506 2358 qui
522 2291 692 2339 scammum
713 2270 838 2339 bunum
856 2270 958 2340 simul
974 2246 1101 2339 ratione
1114 2272 1193 2337 uere

179 2391 397 2474 compertum,
409 2385 514 2453 libero
530 2393 642 2454 autem
653 2387 789 2456 arbitrio
799 2388 998 2477 neglectum,
1012 2386 1074 2456 sili
1084 2384 1188 2454 finxit.

179 2500 290 2591 Neque
301 2500 394 2570 aliud
410 2500 534 2570 Socrati
548 2503 583 2569 in
601 2503 728 2593 relique
747 2503 1033 2592 argumentatione
1044 2501 1193 2594 proposi*

180 2624 250 2684 tum
265 2624 329 2701 est,
351 2616 414 2686 nisi
432 2624 472 2687 ut
488 2620 612 2687 erroris
634 2619 733 2687 istius
758 2619 988 2688 refutatiu'tiat
1005 2607 1063 2707 per
1088 2621 1194 2687 adsur-

182 2733 264 2802 dam.
283 2733 345 2812 Qui
361 2734 451 2802 enim
477 2737 577 2802 aciens
600 2734 758 2823 injuriam
785 2734 984 2816 admitteret,
1008 2734 1037 2803 is
1058 2734 1195 2824 prorsus

182 2850 296 2917 etdem
311 2849 460 2933 scientie,
480 2851 596 2921 eedem
617 2854 749 2939 nature,
767 2850 881 2920 eadem
899 2851 1042 2920 essentia
1058 2850 1195 2941 polleret
1251 2850 1255 2875 ⁴

183 2971 246 3054 qua
265 2966 325 3035 ille
342 2967 445 3057 pollet
469 2969 527 3058 qui
546 2967 653 3036 sciens
670 2969 780 3058 justus
808 2974 869 3037 est.
894 2967 1064 3046 Quomodd
1094 2966 1197 3057 igitur

184 3103 222 3150 ex
235 3082 350 3152 eodem
365 3083 542 3174 principia,
558 3104 598 3152 ex
616 3083 731 3152 eedem
750 3084 899 3181 scientia,
912 3108 951 3154 en
963 3085 1078 3153 eodem
1093 3082 1198 3151 animi

185 3205 269 3268 statu
284 3201 449 3269 contraria
466 3208 522 3269 aut
542 3201 707 3291 loquendo
726 3207 783 3269 aut
806 3200 931 3290 agendo
950 3201 1105 3289 consequi
1127 3222 1202 3290 pos·

68 3358 73 3377 ,
186 3315 273 3385 sint?
294 3318 404 3394 Quum
423 3319 561 3407 prorsds
575 3317 698 3387 eaedem
720 3337 828 3386 causae
845 3324 1026 3408 ponuntur.
1044 3317 1133 3386 idem
1147 3339 1202 3386 ne·

187 3433 498 3503 cessaridefficitur.
778 3436 782 3444 ’

228 3550 268 3618 alt
284 3551 387 3636 enim,
407 3550 493 3619 dicet
507 3549 641 3640 aliquis,
657 3550 709 3619 vir
724 3549 868 3639 injustus
882 3550 1056 3640 proprium
1075 3551 1200 3620 honum

186 3687 318 3735 summo
342 3667 442 3755 bono,
466 3666 554 3757 quod
577 3667 680 3751 nouit,
699 3665 826 3755 agendo
847 3666 989 3756 prefert.
1007 3703 1048 3717 -
1064 3666 1199 3736 Verum-

175 3781 351 3851 ·enimverd
373 3783 547 3873 proprium
569 3782 626 3851 ille
651 3783 777 3851 bonum
802 3781 1052 3862 summobono,
1085 3782 1118 3850 id
1149 3790 1198 3851 est

187 3898 323 3987 optima,
345 3899 468 3968 melius
483 3920 556 3968 esse
568 3903 686 3989 putati>
699 3899 783 3988 Ergd
803 3903 861 3966 aut
875 3902 1046 3966 summum
1072 3898 1197 3967 hunum

186 4014 356 4104 optimum.
367 4037 440 4084 esse
468 4014 609 4104 ignorat,
636 4016 775 4105 idedque
802 4014 883 4083 falsu
909 4014 968 4082 isti
986 4014 1057 4082 viro
1081 4014 1197 4105 optimi

187 4131 321 4199 scientia
337 4131 516 4213 tribuitur;
535 4137 593 4199 aut
603 4136 681 4200 rere
697 4130 861 4222 optimum
878 4131 981 4212 novit,
997 4129 1136 4219 idedque
1149 4131 1198 4198 ni-

188 4247 237 4315 hil
251 4247 372 4317 melius
386 4256 419 4316 et
431 4247 557 4316 ratione
573 4247 743 4317 electione
763 4247 884 4316 habere
898 4254 1040 4337 potest·
1159 4250 1166 4279 '·
