2990 4918
262 490 326 543 stro
341 489 501 543 socmrtol
516 491 631 547 codrot
646 490 774 544 tfflnttttfl
789 470 950 546 Alllll'l'lllllll
966 493 1149 545 truduntur.
1177 493 1208 545 1³

202 653 242 665 -
257 621 310 685 Καὶ
326 625 370 696 ὅς·
388 623 559 704 Κάλλιστον,
574 625 608 702 νὴ
622 625 679 703 Δί’,
696 624 759 703 ἔφη.
777 655 818 669 ·-
831 617 929 706 Ἔχεις
943 619 988 687 οὖν
1002 623 1099 703 εἰπεῖν,
1112 624 1219 698 ὁποῖός,

201 759 241 810 τις
260 739 274 800 ὁ
298 739 412 819 edenda
435 740 527 819 ἐστιν’,
554 773 600 783 --
626 732 705 819 Ἐμοὶ
729 742 779 818 μὲν
803 741 894 817 δοκεῖ,
918 741 982 819 ἔφη,
1005 739 1019 801 ὃ
1039 740 1102 812 τοὺς
1131 742 1210 815 θεοὺς

201 842 298 933 τῖμον.
320 874 337 913 »
355 888 395 900 -
414 849 545 919 Scilicet
559 850 797 940 Euthydemus,
823 850 991 920 socraticae
1010 850 1117 919 adhuc
1141 850 1210 918 dia-

201 965 322 1035 lecticae
342 966 531 1056 imperitus,
546 967 691 1057 primum
711 967 812 1055 quotis
832 968 875 1035 sit
888 967 993 1057 pietas
1012 967 1212 1055 (natitant),

201 1102 268 1151 non
282 1083 356 1169 qaid
371 1082 425 1161 sit,
442 1082 627 1174 respondet.
643 1081 787 1150 Instante
800 1062 875 1149 vend
889 1080 1034 1165 Socrate,
1045 1079 1212 1169 vulgarem

202 1199 292 1266 illam
306 1203 340 1266 et
354 1219 567 1266 communem
578 1197 709 1286 pietatis
720 1197 946 1266 definitionem
965 1199 1130 1287 proponit,
1149 1200 1213 1283 qut

203 1335 241 1382 ex
258 1313 299 1382 iis
314 1335 387 1403 quae
402 1314 448 1404 pii
463 1314 617 1383 homines
632 1324 741 1402 cpont,
763 1314 866 1405 pietas
886 1312 1095 1382 describitur.
1123 1298 1222 1390 Quod.

201 1434 278 1498 uero
298 1431 373 1519 quis
390 1430 470 1520 agit,
487 1430 521 1498 id
536 1430 637 1499 nimis
652 1436 827 1499 externum
844 1436 954 1518 atque,
971 1438 1009 1498 ut
1025 1430 1071 1498 ita
1092 1429 1213 1511 dicam,

203 1549 367 1635 ἐξωτερικόν
390 1545 515 1615 Socrati
538 1546 680 1615 videtur.
715 1546 806 1624 Quod
831 1546 921 1615 enim
951 1545 1079 1634 agimus
1101 1565 1215 1613 conse·

204 1662 338 1751 quentia
355 1667 416 1753 est,
435 1684 503 1731 non
524 1662 745 1753 principium;
771 1662 911 1733 eftectus
926 1667 987 1746 est,
1007 1683 1075 1730 non
1096 1682 1213 1739 causa;

206 1799 310 1870 neque
326 1781 360 1847 id
381 1779 492 1869 ipsum
509 1764 562 1847 sui
580 1779 742 1849 rationem
760 1780 855 1869 quasi
877 1779 998 1872 reddit.
1013 1778 1112 1847 Abest
1120 1776 1215 1846 'enim
1238 1775 1240 1781 ’

205 1894 288 1965 illud
302 1895 485 1985 generale¹,
511 1895 546 1962 in
566 1893 652 1983 quod
674 1895 772 1964 variae
795 1895 961 1965 actionum
985 1894 1109 1983 species
1132 1892 1215 1963 inci·

205 2009 288 2080 dunt
303 2016 335 2080 et
350 2011 419 2080 sine
442 2033 507 2099 quo
530 2010 671 2100 intelligi
686 2017 864 2101 nequeant.
893 2012 931 2080 ln
954 2011 1016 2080 hoc
1036 2015 1113 2083 vert
1129 2010 1216 2079 inest

203 2127 301 2197 viset
324 2133 442 2197 natura
464 2148 548 2196 verae
571 2127 784 2215 definitionis,
811 2128 840 2197 si
860 2148 927 2196 non
952 2127 1050 2197 modo
1073 2129 1166 2221 quola
1184 2133 1216 2196 et

204 2245 288 2331 quid,
305 2244 362 2314 sed
377 2246 478 2314 etiam
490 2248 696 2332 patratione,
711 2244 927 2335 exprimatur.
941 2243 1114 2312 deficiente
1125 2242 1214 2312 enim

206 2361 251 2427 rei
271 2360 452 2429 universali
473 2361 611 2446 ratione,
632 2362 711 2450 quid
727 2362 797 2450 jam
820 2360 913 2428 aliud
934 2365 984 2429 est
1006 2359 1163 2449 definitio,
1179 2363 1217 2427 ut

204 2462 388 2549 Aristotelis
413 2479 522 2549 verbis
541 2486 689 2565 utamur,
711 2478 971 2567 qudmminime
996 2477 1217 2546 demonstrata

206 2594 385 2684 syllogismi
400 2596 578 2679 conclusio,
592 2602 704 2684 utpote
719 2594 828 2683 cujus,
845 2594 968 2662 latente
980 2594 1086 2661 adhtrc
1108 2593 1217 2662 medio

206 2711 361 2798 termino,
392 2712 593 2802 principium
621 2711 733 2802 ipsum
760 2708 982 2780 desideretur?
996 2709 1141 2778 Socrates
1164 2730 1219 2778 au-

206 2832 287 2909 tem,
306 2828 358 2895 cui
381 2829 515 2897 solitum
534 2834 604 2897 erat
627 2827 751 2909 omnia,
773 2827 813 2895 de
836 2825 957 2915 quibus
975 2824 1216 2916 disputabatur,
1255 2840 1258 2845 ’

208 2944 249 3012 ad
263 2942 406 3012 rationes
426 2965 503 3013 suas
527 2951 624 3033 atque
644 2945 685 3012 ad
704 2965 824 3033 genera
840 2964 899 3011 sua
914 2942 1027 3011 ordine
1049 2942 1235 3021 reducere.-

209 3058 300 3128 illam
316 3058 511 3151 Euthydemi
527 3059 767 3144 definitionem,
789 3079 898 3148 quasa
924 3061 1142 3147 consequendo
1163 3058 1223 3125 du·

210 3174 306 3255 citur,
330 3179 444 3266 utpote
465 3174 577 3244 minus
599 3176 804 3256 rationalem,
824 3173 966 3255 fastidit;
997 3181 1028 3243 et
1051 3173 1224 3242 meliorem

210 3290 278 3380 ipse
304 3299 512 3361 consectatur
535 3292 770 3377 definitionem,
800 3313 874 3383 quae
898 3312 916 3358 a
943 3294 1098 3379 principio
1125 3290 1222 3359 ducta

211 3409 356 3479 medium
373 3411 409 3477 in
431 3432 465 3479 se
479 3410 658 3480 terminum
677 3411 791 3502 reique
813 3389 974 3479 rationem
995 3409 1150 3477 involvat.
1179 3446 1220 3458 -

213 3524 356 3607 «Ἔξεστι
375 3534 405 3594 δὲ
427 3535 457 3594 ὃν
481 3532 514 3594 ἄν
536 3555 579 3605 τις
598 3533 731 3611 βούληται
752 3534 853 3614 τρόπον
875 3532 939 3602 τοὺς
956 3529 1036 3603 θεοὺς
1057 3535 1158 3609 τιμᾷν;
1176 3560 1221 3574 -·

209 3645 279 3710 Οὔκ·
299 3649 377 3734 ἀλλὰ
394 3650 472 3726 νόμοι
491 3649 553 3726 εἶσί,
577 3643 639 3710 καθ’
667 3652 714 3724 οὓς
738 3651 782 3710 δεῖ
798 3653 877 3711 τοῦτο
895 3651 997 3708 ποιεῖν.
1021 3643 1182 3706 -Οὐκοῦν
1205 3644 1220 3706 ὁ

208 3763 271 3836 τοὺς
287 3766 387 3841 νόμους
401 3766 512 3837 τούτους
529 3763 609 3836 εἰδὼξ
628 3764 712 3844 εζδείη
731 3746 763 3826 cir
776 3751 831 3835 *tn
851 3763 896 3825 δεῖ
912 3762 974 3834 τοὺς
993 3759 1072 3832 θεοὺς
1089 3766 1184 3840 τιμᾷν;
1201 3778 1218 3817 o
1271 3762 1274 3769 ’

212 3872 332 3941 -lam
343 3874 427 3942 illud
437 3874 597 3943 habemus
607 3873 758 3961 generale
773 3893 837 3961 quo
851 3894 918 3940 non
931 3866 1145 3939 antecedente
1154 3867 1221 3958 pie·

211 3996 260 4056 tas
277 4010 343 4057 non
362 3990 589 4079 consequitur,
606 3998 638 4058 et
657 3990 729 4059 sine
749 4011 815 4076 quo
832 3989 925 4057 nulla
947 4007 1018 4056 esse
1041 3989 1160 4076 potest.
1178 4020 1219 4033 -

244 4245 333 4301 ¹Kard
341 4255 403 4314 plen,
416 4247 478 4303 ibid.
