2990 4918
248 439 310 491 sttlt
324 439 483 492 socnartct
499 441 610 491 currat
624 439 750 493 lellllllll
767 441 926 492 lustraturi
941 440 1125 491 tustanum.
1167 443 1197 492 bl
1250 419 1253 427 Ι

188 565 256 650 bit;
277 562 405 633 tamdiu
427 564 491 633 alia
509 564 636 654 opinari
650 570 682 633 et
695 565 794 633 etiam
812 565 897 633 scire
912 565 1104 657 (dummodo
1121 585 1197 653 aga-

189 688 243 749 tur
261 680 434 771 pluraliter
452 680 494 748 de
516 674 706 770 ἐπιστήμαις),’
721 681 783 749 alia
801 683 886 750 velle
908 687 939 749 et
964 701 1058 769 agere
1079 681 1198 770 poteri-

190 819 276 867 mus.
305 796 398 876 Quod
421 796 554 888 inipso
580 797 695 886 Hippio
716 799 811 866 nobis
840 797 1022 867 indicatum
1043 795 1195 866 videtur:

190 913 339 1005 sophistae
353 912 442 982 enim
462 935 528 983 non
544 913 641 983 modo
655 935 875 983 numerorum.
885 921 918 983 et
934 914 1126 1003 figurarum,
1144 913 1200 981 sed

190 1028 287 1098 etiam
299 1030 378 1099 boni
392 1031 569 1119 quamdam
584 1031 771 1120 opinionem
787 1036 819 1099 et
831 1031 992 1120 quasdam
1009 1028 1199 1119 disciplinas

189 1147 357 1226 tenebant,
377 1153 416 1215 ut
429 1146 530 1235 quise
546 1146 676 1215 virtutis
689 1147 862 1235 magistros
877 1147 1107 1236 profiterentur
1120 1174 1127 1226 3
1139 1165 1199 1214 nec

189 1258 299 1330 tamen
316 1283 458 1354 semper,
483 1284 556 1352 quae
580 1264 661 1331 alios
686 1264 726 1332 de
750 1263 834 1332 bono
852 1263 1024 1344 docebant,
1045 1264 1109 1355 ipsi
1135 1286 1199 1333 usu

190 1380 406 1467 praestabant;
426 1379 527 1462 unde,
548 1379 661 1470 judice
685 1381 829 1465 Platone,
855 1386 942 1469 patet
961 1379 1118 1469 sophistis
1133 1402 1200 1449 non

191 1508 301 1564 'veram
323 1496 550 1585 sapientiam
540 1517 663 1578 messe,
682 1501 746 1585 qud
769 1504 926 1586 praesente
941 1517 1002 1565 nec
1017 1496 1123 1565 verbis
1140 1517 1200 1566 nec

189 1610 283 1695 factis
298 1612 432 1681 mentiri
443 1611 570 1682 liceret.

233 1727 349 1816 Igitur,
365 1729 453 1819 quod
469 1729 612 1805 liberum
626 1728 801 1797 arbitrium
816 1750 982 1829 vocamus,
1006 1729 1100 1819 quasi
1114 1749 1202 1817 quae·

193 1843 268 1912 dam
286 1845 471 1914 mentiendi
486 1846 626 1915 facultas
646 1845 771 1914 Platoni
786 1845 926 1926 videtur,
942 1849 1007 1933 qua
1031 1849 1089 1913 aut
1102 1845 1201 1913 verba

193 1967 249 2028 aut
262 1961 343 2030 lacta
354 1983 428 2030 cum
442 1962 591 2050 cogitatis
600 1962 788 2052 discrepare
797 1968 946 2052 possunt.
963 1960 1072 2048 Neque
1084 1981 1123 2030 ex
1139 1961 1203 2028 alio

194 2076 281 2145 lonte
305 2078 412 2147 oritur
432 2077 488 2146 illa
510 2080 664 2165 facultas,
684 2086 722 2147 ut
745 2078 1017 2169 supradiximus,
1041 2079 1140 2166 quam
1163 2099 1204 2144 ex

194 2191 351 2262 inferiore
366 2195 510 2264 scientiae
528 2173 632 2283 gradu
653 2196 688 2263 in
711 2217 777 2287 quo
797 2195 934 2264 materia
957 2199 1015 2262 aut
1036 2191 1203 2261 indefinita

195 2311 268 2397 opos
289 2332 427 2379 summae
451 2313 599 2382 idearum
622 2315 825 2395 unitoriam
848 2314 984 2390 monadi,
1011 2310 1202 2378 miscetur¹.

236 2427 423 2498 Aristoteles
441 2435 562 2508 autem,
580 2436 683 2517 quum
701 2449 817 2499 verum
833 2427 1011 2496 voluntatis
1030 2425 1205 2495 arbitrium

195 2540 230 2609 in
245 2542 302 2611 illo
317 2543 532 2615 intellectuali
547 2545 660 2614 habitu
673 2565 741 2612 non
758 2550 925 2633 agnoscat,
947 2542 1005 2631 qui
1020 2549 1124 2611 διάνοια
1146 2546 1204 2608 aut

195 2662 261 2739 δόξα
282 2667 426 2742 vocatur,
453 2663 566 2730 eadem
596 2660 722 2729 Platoni
751 2660 862 2749 objicit
886 2680 923 2726 ac
949 2657 1085 2743 Socrati,
1100 2654 1203 2746 quod

195 2772 465 2846 incontinentiam
481 2777 531 2845 vel
545 2784 694 2866 ἀκράτειαν
706 2774 840 2846 omninb
857 2780 1003 2860 excuset,
1017 2780 1130 2864 utpote
1144 2772 1202 2861 qui

194 2892 361 2962 neminem
375 2894 477 2963 libera
491 2892 657 2964 voluntate
673 2891 908 2982 cupiditatibus
922 2912 1038 2982 parere
1057 2895 1200 2958 censeat.

193 3007 304 3097 ltaque
317 3016 350 3076 et
362 3010 487 3078 Platoni
502 3017 534 3078 et
549 3009 674 3080 Socrati
696 3010 784 3098 leges
808 3016 840 3077 et
854 3029 965 3098 poenas
986 3015 1018 3076 et
1038 3007 1203 3095 vitupera-

193 3123 299 3192 tiones
324 3130 357 3192 et
378 3125 491 3196 laudes
512 3134 545 3194 et
566 3126 713 3217 praemia,
739 3133 773 3194 et
792 3131 920 3205 caetera,
948 3145 1022 3212 quae
1045 3122 1144 3210 uulgo
1164 3119 1204 3188 de

193 3239 296 3316 libero
307 3225 443 3310 arbitrio
458 3242 657 3325 asseruntur,
674 3247 870 3328 argumenta
884 3240 1032 3330 opponit.
1261 3230 1264 3233 ’

237 3356 282 3422 Ex
313 3356 453 3425 boet
396 3378 438 3424 au
439 3363 505 3424 tem
532 3357 716 3443 intelligere
739 3364 789 3426 est
808 3355 925 3445 quanti
949 3353 1107 3422 momenti
1134 3373 1205 3421 rem

193 3470 367 3539 aestimaret
396 3472 595 3552 Aristoteles,
627 3472 713 3562 qubd
743 3473 893 3542 Minorem
919 3470 1098 3559 Hippiam
1089 3491 1124 3536 m
1143 3470 1209 3567 Με-1

194 3588 359 3674 topbysicis
382 3588 595 3657 refutandum
615 3589 766 3679 suscipit,
790 3607 917 3655 necnon
934 3586 969 3656 in
993 3587 1110 3653 lltbiois
1126 3584 1204 3652 huic

191 3701 333 3771 Platonis
354 3705 482 3793 dialogo
499 3704 627 3784 alludit,
643 3712 676 3773 et
692 3726 765 3793 quae
782 3686 907 3772 Platoni
925 3700 1117 3789 responderi
1131 3722 1202 3789 pos-
1236 3778 1249 3800 Ι

193 3816 260 3884 sint
276 3820 458 3888 accuratius
479 3820 630 3909 inquirit,
656 3823 778 3889 nedum
807 3820 891 3888 inter
906 3816 1028 3885 leviora
1053 3816 1202 3905 magistri

191 3953 289 4020 opera
305 3934 453 4006 libellum
468 3937 570 4006 istum
588 3938 684 4026 quasi
698 3937 821 4027 releget
837 3942 870 4004 et
882 3933 1012 4004 silentio
1027 3940 1167 4021 premat.

222 4205 231 4235 ¹
250 4206 322 4268 Tim„
336 4207 375 4260 dl,
388 4209 413 4258 ll.
431 4209 458 4258 la
470 4206 632 4276 Philosophia
646 4209 678 4259 de
694 4209 794 4270 Platon,
809 4216 829 4259 t.
840 4210 860 4268 1,
876 4208 957 4257 l'dme.
