2990 4918
292 527 353 579 sint
370 527 528 580 senatrici
544 525 657 579 conrad
671 525 797 577 mennon
812 526 975 578 tnnrrnion
991 525 1176 579 raeddenne,
1211 525 1241 574 ot

229 656 335 724 facere
353 661 489 743 queunt,
513 652 608 721 saetis
627 658 737 719 autem
758 650 806 719 uti
820 652 991 734 nesciunt;
1011 653 1092 720 adeo
1107 658 1156 739 ut,
1169 673 1242 742 quae

230 771 271 875 ab
281 770 361 861 ipsis
371 775 499 859 reperta
516 776 606 848 sunt,
618 788 657 835 ea
666 765 836 835 dialectico
846 767 917 835 niro
931 767 1060 837 tradere
1069 749 1241 856 cogantdr,

230 887 288 976 qui
309 906 364 954 res
387 888 426 954 ad
447 890 545 953 usum
563 887 680 968 vertat,
699 882 908 953 venatoribus
922 884 1059 964 similae,
1081 882 1139 972 qui
1159 904 1242 973 prae·

229 1002 305 1070 dam
315 1023 418 1090 eoquo
433 1000 651 1069 condiendam
666 998 908 1067 committunt¹.
920 1001 1030 1089 Neque
1038 999 1129 1067 aliud
1137 999 1243 1089 magis

101 1186 114 1207 ,
228 1116 354 1186 Socrati
368 1116 503 1185 solitum
517 1119 615 1206 qu'am
635 1114 692 1183 illa
715 1113 967 1202 disciplinarum
989 1115 1143 1205 bipartita
1164 1115 1243 1183 divi-

228 1234 291 1314 sio,
307 1254 449 1323 quarum
465 1232 538 1301 aliae
555 1230 772 1322 multiplices,
791 1231 967 1318 ambiguae,
985 1240 1016 1300 et
1032 1238 1197 1320 ἀμφίλογον,
1208 1232 1244 1299 in

228 1349 385 1419 inferiore
401 1349 566 1439 opinionis
581 1371 618 1417 ao
632 1351 786 1433 fortunae,
804 1362 855 1433 τῆς
869 1350 953 1431 δόξης
972 1354 1019 1416 καὶ
1032 1362 1083 1434 τῆς
1103 1355 1243 1435 εὐτυχίας,

229 1465 363 1555 regione
379 1474 575 1545 versantur;
601 1485 669 1532 una
692 1468 780 1543 vero,
807 1462 848 1530 ad
867 1466 974 1531 un‘um
994 1469 1027 1532 et
1044 1462 1132 1532 idem
1147 1463 1246 1553 perti-

230 1602 323 1662 nens,
342 1600 474 1670 semper
486 1580 528 1648 ad
539 1600 734 1669 supremum
749 1578 873 1647 bonum
889 1599 1059 1660 conversa,
1071 1617 1113 1629 —
1129 1578 1246 1648 dialec-

228 1696 324 1766 ticem
345 1695 431 1781 dico,
452 1717 669 1764 -serenam
694 1702 726 1764 et
749 1694 996 1764 immutabilem
1022 1695 1191 1786 sapientiae
1212 1700 1245 1763 et

185 1809 192 1827 ⁸
226 1811 370 1892 virtuti&
386 1824 437 1897 τῆς
448 1819 603 1899 ἐπιστήμης
616 1818 724 1896 καὶτῆς
733 1814 895 1901 εὐπραξίας,
909 1812 1079 1900 regionem
1094 1819 1242 1902 occupat.

223 1976 225 1981 ψ
271 1928 414 2018 Quaeqni
431 1933 599 2018 comperta
610 1928 773 2011 hahuerit,
784 1928 855 2016 J'am
869 1927 954 1995 nihil
971 1927 1007 1995 in
1021 1926 1150 2017 relique
1168 1926 1243 2015 Hip-

224 2019 587 2135 piaearpumentatione
606 2042 797 2115 duhiumet
812 2044 1003 2133 obscurum,
1030 2044 1066 2112 in
1088 2066 1153 2134 quo
1177 2045 1243 2112 hae·

225 2167 309 2245 reat,
326 2160 561 2253 deprehendet.
588 2159 736 2250 Namque
761 2160 923 2240 Socrates,
942 2161 1000 2229 ubi
1021 2160 1173 2250 Hippiam
1188 2161 1244 2227 ha·

225 2279 298 2348 huit
306 2278 514 2368 profitentem
533 2276 724 2345 semanimo
739 2276 774 2344 in
790 2283 860 2345 arte
871 2275 1069 2345 numerandi
1089 2284 1120 2345 et
1133 2296 1242 2364 posse,

226 2400 259 2464 et
277 2395 376 2478 scire,
398 2403 430 2463 et
455 2394 581 2462 bonum
606 2414 691 2474 esse,
717 2393 830 2461 statim
852 2393 966 2462 eddom
988 2393 1114 2461 ratione
1131 2391 1242 2482 ipsum

221 2509 374 2600 Hippiam
395 2508 597 2577 demonstrat
618 2507 724 2596 magis
735 2511 838 2597 'quam
855 2516 982 2576 eeteros
997 2507 1154 2576 idoneum
1171 2528 1244 2575 esse

223 2627 281 2715 qui
296 2627 337 2695 de
352 2624 471 2694 iisdem
487 2623 600 2704 rebus,
620 2622 746 2691 seilicet
761 2620 924 2704 numeris,
942 2621 1120 2691 mentiatur
1136 2646 1144 2687 ε
1167 2649 1183 2686 a
1204 2630 1246 2690 Τὰ

222 2750 273 2826 μὲν
288 2750 322 2827 δὴ
336 2749 431 2827 ἀληθῆ
448 2749 478 2810 σὺ
494 2751 527 2810 ἂν
545 2748 719 2833 &nordanae
735 2745 823 2818 εἴποις
836 2745 899 2828 περὶ
918 2747 1031 2807 τούτων.
1049 2733 1089 2807 Ἦ
1102 2746 1177 2827 γάρ;
1197 2777 1243 2789 -

223 2859 309 2943 Οἶμαι
323 2864 428 2946 ἔγωγε.
444 2897 486 2909 -
501 2862 534 2924 Ti
544 2862 575 2925 δὲ
585 2864 620 2924 τὰ
629 2862 715 2941 ψευδῆ
728 2861 792 2944 περὶ
807 2867 862 2925 τῶν
875 2862 964 2924 αὐτῶν
977 2862 1098 2940 τούτων;
1116 2861 1170 2923 Καί
1182 2883 1243 2940 μοι,

219 2983 314 3064 ὥσπερ
323 2982 358 3042 τὰ
371 2983 508 3064 πρότερα,
525 2979 659 3061 γενναίως
670 2978 718 3040 καὶ
732 2979 958 3073 μεγαλοπρεπῶς
972 2979 1132 3061 ἀπόκριναι,
1149 2974 1172 3039 ὦ
1187 2972 1248 3038 Ἰπ-

220 3098 282 3160 nio.
298 3096 334 3160 Εἴ
348 3097 390 3171 τίς
404 3119 436 3159 σε
451 3096 542 3179 ἔροιτο
560 3094 596 3156 τὰ
608 3094 668 3177 τρὶς
685 3095 837 3158 ἑπτακόσια
850 3098 922 3158 πόσα
938 3095 1008 3170 ἐστί,
1028 3096 1147 3176 πότερον
1161 3093 1192 3156 σὺ
1213 3095 1248 3155 ἂν

222 3215 343 3292 μάλιστα
361 3214 471 3292 ireddere
496 3211 545 3275 καὶ
569 3209 612 3272 ἀεὶ
634 3211 707 3274 κατὰ
726 3211 812 3275 ταύτὰ
832 3212 920 3291 ψευδῆ
934 3212 1037 3293 λέγοις
1052 3208 1116 3291 περὶ
1126 3210 1246 3272 τούτων’

223 3328 394 3408 βουλόμενος
403 3329 549 3407 ψεύδεσθαι
564 3326 610 3389 καὶ
622 3326 762 3406 μηδέποτε
775 3326 871 3407 ἀληθῆ
886 3327 1094 3409 ἀποκρίνεσθαι,
1106 3329 1126 3405 ἢ
1140 3325 1156 3387 d
1170 3324 1248 3404 ἅμα·

223 3444 274 3522 θὴς
289 3445 330 3518 εἰς
352 3445 505 3525 λογισμοὺς
523 3434 628 3506 δύναιτ’
649 3447 682 3506 ἂν
696 3448 744 3506 σοῦ
758 3443 871 3531 μᾶλλον
885 3442 1034 3522 ψεύδεσθαι
1047 3441 1224 3519 βουλομένου
1237 3439 1245 3497 3

14 3582 16 3591 “
138 3651 144 3660 0
222 3563 241 3639 ἢ
257 3560 272 3622 ὁ
289 3562 339 3638 μὲν
354 3561 465 3639 ἀμαθὴς
481 3560 625 3633 πολλάκις
639 3565 672 3623 ἂν
683 3560 855 3638 βουλόμενος
869 3560 957 3638 ψευδῆ
969 3558 1069 3638 λέγειν
1086 3557 1249 3637 τάληθῆᾶν

223 3675 297 3739 εἴποι
312 3677 401 3751 ἄκων,
417 3675 547 3758 εἰτύχοι,
563 3677 607 3737 διὰ
621 3676 652 3739 τὸ
668 3678 707 3756 μὴ
722 3676 836 3753 εἰδέναι,
850 3674 880 3736 σὺ
894 3675 923 3736 δὲ
939 3674 954 3736 ὅ
967 3674 1062 3755 σοφός,
1081 3671 1160 3754 εἴπερ
1177 3671 1242 3748 βού-

222 3795 286 3855 λοιο
300 3794 461 3873 ψεύδεσθαι,
480 3793 523 3855 ἀεὶ
540 3795 575 3855 ἂν
589 3794 662 3856 κατὰ
677 3793 713 3854 τὰ
727 3792 796 3853 αὐτὰ
809 3792 939 3870 pediam
968 3808 985 3847 ν
1013 3822 1058 3834 -
1077 3781 1185 3849 Simili
1199 3803 1249 3850 ra-

224 3903 317 3973 tione
333 3903 519 3994 procedens
535 3903 698 3988 Socrates
712 3922 789 3969 eum
806 3900 1025 3990 demonstrat,
1039 3897 1095 3987 qui
1108 3899 1249 3986 alicujus
1350 3953 1353 3959 ,

234 4018 282 4086 rei
294 4018 473 4108 singularis
484 4021 529 4089 sit
544 4018 782 4112 peritissimus,
795 4021 833 4084 ut
849 4014 994 4106 Hippian,
1013 4013 1052 4082 de
1063 4012 1179 4082 eddom
1197 4013 1253 4081 ille

267 4278 275 4309 ¹
292 4277 351 4328 tide
363 4276 554 4342 Euthydemus.
683 4292 685 4299 ·
