2990 4918
247 529 309 580 s1vs
322 530 481 582 socntrrct
496 530 610 583 CONTRA
625 531 753 583 ntsnntn
768 531 931 583 tammum
947 532 1129 584 ARGUMENTA.
1161 534 1194 584 ta

189 673 256 742 quae
274 653 370 723 toties
386 653 519 724 cuilibet
541 654 684 725 liberum
706 654 882 724 arbitrium
906 656 1193 745 voluntariamquc

184 766 336 858 injuriam
370 771 501 858 neganti
526 772 652 860 objecta
679 780 767 839 sunt.
793 771 876 859 Ergo
896 793 986 840 nunc
1009 771 1192 841 clarissime

184 884 222 954 de
238 884 345 954 libero
365 885 501 955 arbitrio
522 887 822 977 quaestioponitur3
840 887 1099 977 gravissimaque
1113 891 1214 991 sant·

182 1008 213 1069 et
229 1002 367 1070 maximi
379 1003 537 1072 momenti
554 1008 653 1071 erunt
668 1023 885 1092 quaecumque
904 1003 1053 1072 Socrates
1087 1004 1193 1093 obJec·

180 1117 221 1185 tis
234 1117 459 1210 respondebit.
766 1208 770 1213 .

220 1234 255 1301 ln
273 1235 337 1302 hoc
359 1234 593 1304 vero-Socratis
618 1255 776 1324 responso
794 1234 960 1331 notatione
979 1235 1118 1325 dignum
1144 1243 1217 1304 est'

177 1350 275 1438 quod,
286 1356 342 1418 aut
351 1354 491 1419 vertant
500 1351 615 1432 facete,
627 1350 826 1419 sententiam
841 1341 935 1417 suam
946 1349 1105 1419 fluctuare
1115 1352 1193 1418 late·

176 1447 240 1533 tur.
257 1466 350 1544 Quod
365 1466 499 1557 quidem
509 1466 693 1536 cum'solita
710 1467 765 1534 illa
780 1465 972 1554 ignorantia
986 1466 1190 1555 professione

175 1587 429 1653 consentaneum
445 1589 506 1653 est.
525 1622 571 1635 -
587 1608 603 1647 ι(
620 1591 760 1668 Φαίνομαι
772 1589 850 1653 οὐδὲν
866 1587 958 1662 εἰδώς·
974 1588 1051 1651 οὐδὲν
1072 1591 1127 1671 γάρ
1142 1610 1189 1666 μοι

175 1703 252 1765 δοκεῖ
266 1710 322 1767 τῶν
336 1705 425 1768 αὐτῶν
439 1706 486 1770 οιαὶ
506 1708 572 1783 ὑμῖν
593 1698 716 1785 ...Ἐμοί
734 1706 790 1787 γάρ
807 1705 941 1785 φαίνεται,
963 1702 986 1765 ὦ
1004 1699 1109 1785 Ἱππία,
1133 1712 1188 1767 πᾶν

173 1818 325 1882 τούναντίον
339 1824 359 1900 ἢ
375 1824 392 1884 ό
406 1823 436 1884 α“υ
452 1823 560 1902 λέγεις·
580 1822 607 1883 οἱ
624 1822 797 1899 βλάπτοντες
812 1821 875 1893 τοὺς
890 1821 1052 1903 ἀνθρώπους
1067 1820 1115 1882 καί
1129 1821 1188 1885 aa·

174 1939 283 2009 ιιοίιντες
298 1936 347 1998 καὶ
360 1939 523 2017 ψευδόμενοι
536 1937 584 2001 οιαὶ
601 1933 795 2032 ἐξαπατῶντες
813 1936 861 1999 καὶ
878 1937 1081 2019 ἁμαρτάνοντες
1105 1938 1186 1999 tata·

173 2071 229 2130 τες,
244 2051 325 2113 ἀλλὰ
339 2055 378 2134 μὴ
395 2053 522 2133 άνιοντες,
539 2054 666 2130 βελτίους
683 2048 751 2116 είναι
761 2056 781 2131 ἢ
793 2053 818 2115 οἱ
831 2052 958 2124 ἄκοντες.
975 2044 1079 2116 Ἐνίοτε
1093 2056 1186 2131 μέντοι

172 2167 218 2229 καὶ
231 2168 387 2233 τούναντίον
399 2170 479 2232 δοκεῖ
493 2192 539 2248 μοι
553 2168 668 2248 τούτων,
683 2169 732 2233 οιαὶ
742 2170 892 2247 πλανῶμαι
902 2170 966 2252 περὶ
981 2144 1079 2245 ταῦτα,
1097 2169 1185 2249 δῆλον

171 2283 211 2345 ότι
222 2283 268 2345 διὰ
281 2284 313 2348 τό
327 2286 366 2364 μὴ
382 2285 495 2349 εἰδέναι.
511 2286 577 2349 Νυνὶ
597 2285 629 2348 δὲ
648 2287 731 2365 ἐντῷ
747 2286 861 2367 παρόντι
872 2307 918 2363 μοι
930 2288 1022 2366 ὥςπερ
1037 2284 1185 2364 καταβολὴ

170 2401 370 2482 περιελήλυθε,
387 2402 436 2464 καὶ
451 2403 560 2466 δοκοῦσί
577 2423 622 2481 μοι
645 2401 671 2465 οἱ
687 2401 799 2473 ἑκόντες
817 2398 1053 2483 ἐξαμαρτάνοντες
1075 2403 1138 2483 περί
1158 2423 1183 2464 τι

170 2490 298 2591 βελτίουό
312 2511 381 2578 είναι
396 2524 451 2580 τῶν
465 2510 600 2581 ἀνιόντων.
621 2517 754 2595 Αίτιῶμαι
768 2518 799 2578 δὲ
812 2521 860 2579 τοῦ
879 2520 924 2577 νῦν
939 2519 1075 2599 παρόντος
1091 2519 1184 2595 παθή-

170 2651 255 2707 ματος
268 2632 333 2706 τοὺς
346 2633 501 2716 ἔμπροσθεν
513 2637 619 2716 λόγους
635 2631 737 2705 αἰτίους
751 2629 831 2711 εἶναι,
846 2622 918 2704 ’όςτε
937 2633 1077 2713 φαίνεσθαι
1092 2638 1138 2695 νῦν
1152 2634 1182 2695 ἐν

169 2751 207 2825 τῷ
219 2748 334 2831 παρόντι
348 2728 542 2825 τόὺςόίιιοντας
554 2752 657 2812 τούτων
671 2751 775 2812 ἕκαστα
789 2751 933 2821 ποιοῦντας
949 2750 1150 2832 πονηροτέρους
1162 2751 1182 2828 ἢ

167 2862 229 2935 τους
239 2860 381 2938 ἑκόνταςί.
401 2884 418 2923 υ
436 2896 477 2912 --
498 2859 554 2928 llic
570 2864 718 2930 Socrates
731 2858 826 2949 quasi
841 2857 876 2925 in
893 2857 1052 2926 auditoris
1067 2880 1181 2928 aurem

168 2970 309 3041 instillat
322 2995 389 3042 non
411 2996 507 3044 suam
520 2980 596 3046 vere
616 2975 814 3047 sententiam
836 2974 879 3044 iis
901 2974 1012 3044 verbis
1028 2975 1181 3065 exprimi.

166 3086 247 3157 llam
279 3111 385 3181 quum
410 3093 630 3162 voluntariam
658 3093 816 3181 injuriam
849 3092 984 3161 omnino
1015 3091 1182 3181 rejiceret,

168 3200 333 3292 (ιυαιὶιοάὸ
361 3207 450 3276 idem
485 3210 671 3278 voluntarie
699 3208 840 3299 injustos
873 3208 1024 3277 homines
1053 3208 1210 3288 oaetcris,

162 3327 319 3409 ¹praestare
345 3326 578 3395 concessisset?
601 3327 736 3395 Sublato
754 3325 843 3394 enim
864 3325 968 3394 altero
988 3344 1026 3393 ex
1050 3323 1180 3394 duobus

165 3436 223 3526 qui
237 3441 449 3530 comparandi
464 3450 543 3511 sunt
551 3441 717 3522 terminis,
734 3443 861 3510 tollitur
874 3440 946 3530 ipsa
960 3441 1173 3530 comparatio.

162 3550 265 3641 Igitur
277 3556 410 3627 nonnisi
424 3580 483 3648 per
493 3558 699 3650 hypothesim
712 3558 935 3626 voluntariam
944 3556 1101 3646 injuriam
1115 3557 1176 3625 lin-

162 3668 230 3759 git3
249 3692 322 3759 quaa
337 3676 365 3740 sl
378 3673 452 3741 fieri
465 3681 587 3764 posset,
605 3683 684 3744 tunc
693 3674 749 3742 illa
759 3674 895 3763 justitiae
907 3673 1044 3742 scientia
1056 3672 1174 3741 melior

163 3792 272 3854 tamen
284 3786 470 3877 ignorantit
482 3791 666 3872 rideretur;
684 3790 773 3859 unde
795 3794 910 3858 rursrls
924 3788 1048 3877 colligit
1062 3788 1173 3856 Socra-

162 3902 262 3969 tasin
279 3904 393 3975 eodem
410 3907 544 3977 homine
552 3908 636 3996 justi
652 3906 801 3976 notitiam
816 3916 849 3976 et
865 3905 1022 3996 injuriam
1037 3903 1125 3973 inter
1138 3925 1173 3971 se
1269 3921 1272 3927 ·

162 4037 355 4110 repugnare.

191 4292 200 4326 ¹
216 4295 292 4363 rap.
307 4298 379 4361 τινα,
396 4297 484 4367 ιαμ,
497 4299 522 4363 a,
539 4315 561 4354 ο.
