2990 4918
306 533 338 583 aa
617 528 758 603 retronis
775 526 892 593 llll’PldS
908 527 1001 580 ultor

306 656 434 748 probat,
462 660 496 724 et
515 653 681 724 socraticis
700 654 833 745 quidem
859 655 965 724 utitur
993 652 1164 743 exemplis.
1193 651 1255 720 Sed
1279 672 1317 721 ex

304 772 424 842 iisdem
445 769 627 862 principiis·
641 773 777 860 prorsus
804 770 869 840 alia
895 769 1063 840 concludit
1086 790 1124 838 ac
1152 767 1312 838 Socrates.

303 887 410 967 Quum
432 888 522 973 enim
536 886 645 956 omnis
662 887 798 957 scientia
818 886 984 978 duplicem
1004 888 1058 957 sut
1078 906 1177 954 usum
1196 885 1316 954 admit·

171 1016 175 1021 ’
303 1011 362 1085 tat,
388 1005 494 1073 virtus
520 1007 595 1072 verd
617 1003 748 1077 nonnisi
773 1025 878 1072 unum
895 1009 928 1072 et
952 1001 1151 1105 simplicem,
1172 1004 1317 1105 prorsus

188 1188 189 1193 ,
304 1121 367 1190 alia
396 1126 446 1191 est
471 1119 601 1191 virtutis
626 1127 744 1193 natura
771 1127 807 1190 ct
824 1118 979 1189 scientiae.
1010 1158 1051 1173 -
1079 1117 1247 1188 Contraria
1275 1140 1316 1188 en

301 1237 419 1306 iisdem
435 1237 607 1328 colligebat
622 1233 790 1329 Socrates:
810 1224 1187 1323 scilicet,tunctanti1m
1205 1235 1316 1327 dupli-

302 1375 374 1424 cem
388 1375 460 1424 cssc
481 1336 627 1425 scientiae
650 1374 764 1436 usum,
783 1375 888 1443 quum
912 1354 984 1443 ipsa
1003 1334 1136 1423 scientia
1155 1351 1265 1442 aliqud
1281 1373 1319 1422 cx

301 1475 395 1560 parte
415 1470 571 1560 ambigua
591 1477 626 1541 et
645 1491 780 1562 anceps,
804 1470 943 1561 ideaque
967 1469 1159 1559 imperfecta
1182 1468 1320 1538 scientia

302 1587 356 1667 sit,
385 1592 442 1656 aut
470 1587 581 1679 potius
603 1588 810 1678 ignorantia.
836 1587 918 1678 Ergo
949 1607 1052 1676 genus
1077 1586 1244 1677 quoddam
1269 1593 1320 1656 est

299 1703 452 1773 scientiae
466 1726 674 1796 supremum,
697 1705 788 1795 quod
814 1726 833 1773 a
854 1703 999 1804 naturali
1021 1703 1086 1774 line
1109 1702 1202 1773 nulla
1224 1718 1319 1794 supa

302 1820 372 1889 rior
386 1820 524 1890 scientia
536 1820 699 1891 divertere
713 1826 823 1912 queat.
840 1820 933 1898 Quod
948 1820 1019 1912 ipsc
1033 1819 1184 1889 concedit
1195 1819 1320 1890 Aristo-

299 1935 401 2019 teles;
425 1938 483 2007 sed
502 1937 727 2007 illamrerum
749 1937 899 2007 omnium
915 1935 1167 2015 dominatricem
1187 1936 1316 2028 sapien·

298 2051 379 2120 tiam
394 2073 461 2121 non
474 2053 683 2122 exactissimo
699 2053 799 2121 verbo
819 2052 994 2123 scientiam
1015 2075 1034 2122 a
1055 2053 1185 2123 Socrate
1203 2053 1314 2123 vocari

299 2168 495 2237 contendit:
519 2189 595 2236 nam
618 2168 796 2238 theoretica
816 2174 868 2243 est
889 2150 1026 2288 poientia
1053 2170 1233 2261 (ἐπιστήμη);
1261 2191 1315 2240 sa-

297 2285 420 2374 pientia
437 2289 548 2353 autem
567 2284 702 2354 moralis
719 2286 870 2377 (φρόνησις)
883 2285 919 2355 in
932 2287 1059 2376 agendo
1073 2286 1237 2377 praecipue
1246 2307 1316 2356 cer·

298 2400 401 2469 nitur.
421 2401 526 2501 Atque
543 2400 616 2471 ideo
636 2423 742 2471 unum
756 2406 810 2472 sui
831 2383 930 2475 usum
947 2404 1053 2474 virtus
1076 2401 1206 2495 recipit,
1225 2403 1314 2493 qudd

298 2523 390 2586 notus
401 2524 466 2603 cst,
481 2541 548 2588 non
559 2519 705 2608 potentia
721 2543 730 2586 t
750 2510 1214 2612 quiscnimne'soitduplicem
1226 2542 1313 2590 sem·

296 2656 355 2725 per
368 2641 401 2704 et
416 2635 592 2726 ancipitem
604 2636 796 2729 potentiam,
809 2634 995 2731 simplicem
1005 2644 1080 2709 rerd
1096 2645 1204 2708 actum
1219 2635 1314 2708 esse?

295 2750 340 2818 ita
358 2755 481 2821 utrere
500 2752 615 2822 eadem
634 2754 761 2843 possint
773 2761 812 2826 et
820 2759 931 2846 justus
943 2763 977 2825 et
985 2756 1131 2846 injustus
1145 2761 1218 2825 :Kal
1226 2761 1314 2844 γὰρὸ
1400 2746 1421 2767 ’“

295 2871 391 2947 ἄδικος
403 2857 491 2938 'aava’
508 2875 554 2936 ἂὸ
569 2875 674 2949 δίκαιος
693 2877 815 2940 δύναται.
841 2870 903 2941 Sed
916 2873 1054 2942 scientia
1073 2875 1150 2942 vere
1160 2878 1309 2959 vocatur,

142 3042 146 3063 ,
176 2985 178 3003 '
210 2978 215 3047 Ϊ
296 3003 369 3072 quae
377 2972 507 3053 tantum
519 2982 556 3053 in
569 2985 699 3070 theoria,
716 2986 856 3077 ideoque
870 2987 907 3063 iu
920 2987 1080 3080 potentia,
1091 2987 1155 3058 sita
1169 2984 1231 3057 est.
1244 2987 1310 3056 llo-

295 3098 375 3168 ralis
389 3102 501 3169 contra
523 3097 630 3171 virtus
656 3101 692 3171 in
713 3104 839 3193 agendo
854 3104 1039 3174 exhibetur.
1059 3130 1077 3171 a
1094 3104 1179 3195 Ergo
1192 3126 1309 3174 rerum

296 3240 313 3280 c
330 3221 382 3283 est
407 3214 492 3284 illud
521 3217 732 3307 socraticum,
755 3219 841 3290 nihil
860 3219 981 3289 fortius
1008 3220 1125 3289 morali
1148 3216 1309 3312 sapientia

295 3331 563 3417 cessaverim,
580 3335 669 3424 qudd
684 3335 857 3405 scientiam
877 3335 973 3416 dixit,
997 3324 1068 3406 non
1084 3339 1171 3406 recte
1190 3334 1307 3406 habet:

296 3471 314 3511 a
331 3446 389 3514 illa
408 3447 498 3517 enim
517 3448 622 3519 virtus
639 3457 701 3536 est,
716 3472 784 3521 non
805 3451 954 3535 scientia,
972 3458 1006 3522 ct
1024 3473 1128 3544 genus
1144 3451 1310 3523 diversum

297 3563 533 3651 «cognitionis.
554 3590 571 3631 »

337 3678 466 3748 Erroris
480 3680 583 3761 illius,
600 3704 700 3773 quem
719 3685 867 3754 Socrates
884 3692 917 3754 et
931 3683 1020 3755 Plato
1039 3682 1258 3765 admiserunt,
1280 3686 1309 3756 si

293 3795 590 3883 profundissimam
609 3800 752 3892 denique
770 3807 803 3870 et
824 3801 918 3890 quasi
940 3801 1093 3872 ultimam
1112 3822 1245 3872 causam
1267 3803 1308 3871 ab

181 3908 185 3921 “
292 3909 465 3981 Aristotele
489 3915 611 4003 poscis,
636 3919 706 4009 jam
732 3916 844 3986 illain
865 3918 1019 3988 hocloco
1042 3919 1166 3987 lltltices
1186 3919 1309 4008 Mopoae

292 4026 457 4115 praebetur
482 4055 490 4097 τ
511 4073 553 4087 -
575 4059 592 4097 «
613 4041 674 4105 Οὐκ
688 4028 779 4124 epto}
808 4041 839 4104 δὲ
861 4033 917 4104 οὐδ’
943 4042 959 4103 ὁ
980 4041 1307 4125 teneraetenerae<

275 4148 377 4213 ’ἐποίει
395 4151 445 4225 τὰς
462 4152 575 4236 ἀρετάς.
590 4158 719 4231 Ἐκεῖνος
735 4159 792 4240 γὰρ
804 4157 883 4220 οὐδὲν
903 4157 973 4239 ᾤετο
993 4159 1048 4221 δεῖν
1065 4161 1155 4238 μάτην
1173 4142 1259 4238 cirac,
1272 4157 1307 4220 ἐκ

290 4265 322 4327 δὲ
342 4269 390 4328 τοῦ
407 4266 457 4341 τὰς
478 4269 581 4352 ἀρετὰς
604 4273 759 4354 ἐπιστήμας
782 4269 854 4337 εἶναι
876 4275 1029 4338 scottorum
1045 4273 1120 4357 αὐτῷ
1135 4274 1186 4347 τὰς
1203 4273 1307 4359 ἀρετὰς
