2990 4918
233 515 296 566 slvn
311 515 473 566 SOCRA'NGN
491 515 606 565 CONTRA
621 513 747 567 uremur
762 514 922 567 SRSINRIUN
937 515 1119 567 enodamus:
1151 517 1184 567 59

169 639 250 707 aded
264 659 361 729 praua
384 637 449 706 suit
469 637 504 705 in
527 638 636 728 priore
656 639 779 727 Hippiae
805 644 897 729 parte
917 641 1178 728 argumentatio:

165 756 241 844 jure
255 756 343 824 enim
366 753 514 823 Socrates
538 755 692 824 censebat
706 755 860 829 eumdem
876 776 996 844 genere
1013 756 1181 826 hominem

170 892 255 951 esse,
279 871 335 960 qui
351 870 485 939 mentiri
500 878 556 939 aut
573 892 639 938 non
657 870 790 939 mentiri
804 872 910 960 possit
926 901 933 954 ;
952 872 1090 959 negabat
1106 877 1182 941 uerd
1254 924 1269 939 .

168 990 254 1057 hano
277 989 389 1078 reipsa
408 987 631 1061 differentiam
653 987 868 1068 intercedere,
888 989 979 1076 quod
1002 989 1083 1057 aiter
1096 989 1181 1059 iacto

168 1105 359 1190 mentietur,
383 1105 468 1172 alter
486 1125 575 1186 non3
597 1105 656 1173 sed
674 1124 748 1172 eam
763 1103 986 1173 differentiam
1004 1102 1182 1174 deducebat

168 1244 206 1291 ex
220 1222 393 1310 superiore
403 1222 550 1291 scientiae
562 1242 693 1310 genere,
710 1226 775 1311 qua
790 1226 950 1312 praesente
964 1228 1022 1290 aut
1034 1222 1181 1310 ahsente,

167 1336 208 1406 iis
223 1359 297 1427 quae
316 1338 471 1406 nouimus
490 1338 575 1405 bend
592 1346 649 1405 aut
666 1338 754 1406 maid
777 1338 916 1406 utimur.
942 1335 1050 1413 Quum
1071 1345 1181 1408 autem

168 1453 253 1520 nihil
268 1454 310 1522 sit
325 1453 441 1544 optimi
453 1452 589 1523 scientia
603 1453 769 1545 superius,
785 1454 827 1522 ad
843 1452 1088 1550 honoultimam
1107 1475 1183 1523 con·

169 1570 351 1639 elusionem
367 1569 523 1639 tendebat
536 1568 697 1655 Socrates,
712 1591 789 1639 eum
804 1570 866 1660 qui
879 1571 963 1639 bona
977 1568 1104 1639 noverit
1114 1591 1182 1639 non

162 1685 233 1775 jam
240 1685 406 1755 contraria
416 1706 512 1774 agere
525 1707 638 1774 posse;
659 1685 814 1775 namqui
828 1686 941 1757 volens
956 1686 1044 1757 male
1057 1693 1180 1774 ageret,

165 1800 194 1868 is
209 1800 419 1890 imprudente
438 1800 573 1868 homine
582 1800 700 1869 melior
716 1811 814 1869 esset.
826 1799 1179 1888 Adquaedristoteles:

168 1940 185 1979 ι(
204 1912 266 1984 Ἔτι
280 1920 327 1984 τὸν
345 1921 446 1983 ἑκόντα
457 1921 562 2001 φαῦλον
576 1916 807 2011 βελτίωῆιΤοϋτο
824 1921 855 1982 δὲ
869 1921 968 2000 ψεῦδος
981 1920 1120 1997 λωμύάνει
1137 1921 1182 1981 διὰ

163 2041 214 2113 τῆς
222 2008 386 2117 ἐπαγωνής·
402 2035 482 2118 ὁγὰρ
496 2036 571 2097 ἔνων
584 2036 732 2118 χωλαίνων
743 2041 791 2099 τοῦ
803 2036 1183 2120 ἄκοντοςκρείττων,τδχω
1274 2009 1284 2020 Ι

164 2150 269 2215 λνίνειν
279 2151 467 2251 τδεμιμεῖσβαι
481 2152 591 2232 λέγων,
614 2151 674 2214 ἐπεὶ
694 2151 754 2243 εἶχε
769 2151 866 2232 χωλὸς
879 2152 963 2232 ἑκών,
984 2153 1086 2235 χείρων
1102 2151 1180 2229 ἴσως,

165 2269 258 2349 ὥσπερ
269 2266 315 2330 ἐπὶ
321 2273 369 2330 τοῦ
375 2269 471 2347 ἤθους,
489 2267 538 2330 καὶ
550 2264 658 2341 οὕτως’.
669 2288 686 2327 ν)
696 2262 805 2360 -jSed
816 2262 1027 2353 quantumvis
1035 2261 1180 2351 speciosa

164 2375 234 2444 sint
251 2374 438 2446 Aristotelis
449 2386 655 2465 argumenta,
677 2379 732 2449 hic
743 2378 839 2447 nobis
857 2400 924 2446 non
937 2377 1069 2447 videtur
1086 2366 1181 2477 intel-

164 2491 283 2562 lenisse
296 2495 397 2582 quam
413 2498 502 2560 recta
521 2499 610 2565 esset
629 2492 687 2560 illa
701 2492 858 2579 Socratis,
873 2514 974 2583 quam
993 2494 1110 2583 carpit,
1129 2494 1180 2561 in·

165 2609 288 2679 ductio.
312 2611 425 2701 Neque
444 2610 534 2679 euim
556 2609 681 2679 Platoni
701 2609 852 2701 placebot
872 2631 964 2694 eum,
984 2610 1043 2700 qui
1062 2617 1179 2700 sponte

166 2725 336 2805 claudicet,
349 2708 523 2794 melior’em
542 2728 640 2814 quam
656 2725 714 2815 qui
728 2726 852 2794 invitus
864 2725 898 2792 in
913 2725 974 2792 hoc
984 2744 1068 2810 esse,
1091 2724 1178 2812 quod

165 2841 205 2909 ad
228 2841 390 2915 moralem
415 2841 518 2910 animi
533 2848 662 2930 partem
684 2841 813 2922 attinet,
832 2840 889 2910 sed
904 2839 993 2929 quod
1009 2839 1051 2907 ad
1069 2839 1179 2931 physi-

165 2958 367 3047 compedum
382 2965 413 3027 et
425 2958 573 3048 corporis
587 2958 822 3028 valetudinem.
837 2958 948 3047 Neque
959 2959 1048 3025 euim
1059 2956 1179 3026 diversi
1189 2948 1201 2959 ”

166 3072 413 3145 dialecticorum
429 3096 588 3164 generum
604 3074 726 3162 gradus
743 3075 889 3144 converti
905 3082 938 3143 et
951 3074 1108 3143 confundi
1124 3074 1179 3141 de·

163 3188 252 3258 beut.
273 3189 334 3266 Qui
349 3196 465 3279 sponte
480 3191 655 3276 claudicat,
670 3191 787 3260 melior
805 3196 855 3259 est
874 3194 994 3259 incessu
1006 3189 1179 3278 etpedibus

165 3310 264 3394 qu'am
284 3306 342 3396 qui
366 3307 509 3386 invitus;
536 3330 602 3377 non
627 3308 744 3377 melior
766 3311 815 3377 est
835 3308 956 3379 virtute
981 3307 1110 3384 morali,
1138 3308 1178 3375 de

165 3426 229 3512 qua
247 3443 313 3490 non
328 3423 428 3492 etiam
448 3444 539 3493 nunc
553 3425 675 3513 agitur.
692 3425 784 3493 Haud
799 3424 896 3493 aliter
909 3423 966 3512 qui
976 3422 1016 3490 de
1028 3423 1177 3515 numeris

162 3537 274 3607 volens
283 3541 454 3618 mentitur,
467 3541 586 3609 melior
596 3547 646 3610 est
656 3541 692 3609 in
704 3541 766 3611 hoc
780 3542 863 3631 ipso,
877 3538 1091 3627 innumeris:
1105 3547 1178 3607 κατὰ

162 3663 249 3725 ταῦτα
270 3661 414 3757 κρείττων,
437 3661 476 3722 ut
499 3655 578 3725 dicit
600 3655 762 3726 Socrates.
782 3655 893 3745 Neque
914 3659 1013 3743 negat
1028 3654 1176 3724 Socrates

162 3769 318 3837 eumdem
333 3770 467 3860 justitia
494 3771 639 3861 pejorem
655 3793 738 3842 esse.
764 3771 818 3839 Sic
831 3788 961 3858 semper
974 3771 1008 3835 in
1023 3770 1069 3837 dir
1085 3772 1173 3856 ipsis,

42 3892 48 3909 ⁸
162 3884 283 3973 quihus
297 3887 437 3956 seientes
454 3887 538 3956 bene
560 3894 618 3957 aut
640 3887 788 3957 malenti
805 3903 997 3977 possumus,
1021 3867 1175 3954 meliores

162 4022 293 4072 sumus.
312 4002 422 4091 Neque
437 4003 472 4070 in
496 4004 560 4072 hoc
582 4002 664 4072 ialsa
678 4014 728 4073 est
746 4003 887 4073 Socratis
901 4001 1076 4071 sententia.
1094 4002 1171 4091 Age,

193 4195 287 4325 ew
301 4195 332 4247 ad
340 4195 476 4247 secundam
491 4170 702 4262 Nippiae'partem
716 4197 813 4249 alludit.
