2990 4918
237 512 268 562 22
547 510 686 562 rblruttls
700 508 816 560 merus
833 508 934 562 utnon.

280 636 391 721 Porro,
413 638 446 705 id
463 626 643 726 unicuique
661 640 736 705 vere
753 635 929 726 optimum,
944 636 1080 726 quodie
1097 659 1132 705 se
1145 643 1176 705 et
1188 657 1247 724 per

236 775 271 822 11
286 753 447 845 optimum
460 759 520 820 est.

250 942 253 971 Ι
282 870 364 959 Ergo
383 867 440 937 uhi
454 867 605 937 homines
615 868 709 956 illud,
730 868 817 957 quod
832 868 866 937 in
886 887 922 936 se
937 867 1098 958 optimum
1112 874 1172 954 est,
1189 888 1247 935 no·

238 994 309 1055 turn
322 985 504 1064 habebunt,
520 990 553 1052 et
569 983 742 1074 proprium
763 984 887 1052 bonum
903 1005 981 1053 oum
993 984 1149 1053 universo
1162 983 1248 1053 bono

238 1100 279 1169 ad
306 1121 413 1167 unum
435 1098 568 1167 tandem
593 1099 700 1168 redire
727 1074 924 1187 intelligent,
958 1100 1094 1168 meliora
1120 1118 1249 1188 semper

237 1215 404 1306 pejoribus
417 1214 489 1283 sine
504 1214 574 1282 ullo
589 1234 699 1283 errore
711 1221 912 1304 praeponent.

282 1308 429 1420 Nemone
442 1336 530 1401 errat
542 1331 600 1420 qui
614 1336 739 1421 peceat,
761 1353 866 1419 quum
878 1330 967 1398 istud
983 1329 1179 1420 sibimetipsi
1193 1331 1253 1398 bo-.

237 1469 319 1515 num
337 1467 408 1516 esse
427 1433 633 1537 persuadeat,
651 1446 739 1534 quod
753 1466 814 1535 per
830 1466 864 1513 se
881 1446 1019 1514 mulum.
1031 1454 1092 1514 est.
1109 1444 1178 1523 Quo
1199 1468 1251 1515 er-

238 1584 314 1632 rore
329 1563 457 1631 sublato
475 1568 644 1652 peceatum
660 1561 760 1629 simul
774 1561 915 1630 tollitur.

281 1678 425 1747 Libertas
451 1683 527 1748 verb
556 1677 641 1746 nihil
673 1685 725 1748 est
752 1678 816 1747 nisi
850 1683 901 1747 sul
933 1678 1113 1769 imperium
1137 1682 1264 1768 (tropat-⁴

236 1794 333 1882 τεια);
356 1795 447 1863 solus
462 1802 573 1863 autem
596 1794 664 1862 sibi
679 1794 832 1884 imperat,
849 1792 908 1884 qui
925 1794 1044 1863 rationi
1063 1800 1171 1884 paret;
1188 1795 1251 1863 hu·

158 1942 161 1947 ¹
238 1912 446 1980 manaeenim
461 1919 587 1980 naturae
603 1911 652 1980 vis
668 1912 703 1979 in
719 1911 847 1980 ratione
862 1912 923 1980 sita
936 1918 999 1998 est,
1013 1933 1111 2001 quam
1127 1912 1185 2002 qui
1201 1933 1251 1981 se·

238 2027 363 2119 quitur,
378 2028 591 2118 sibiimperat
602 2035 635 2096 et
651 2032 703 2096 sul
717 2049 851 2117 compos
866 2036 928 2097 est.

281 2144 434 2212 liberum
456 2144 599 2232 denique
620 2146 707 2233 quod
731 2151 865 2213 vooutur
875 2144 1065 2229 arbitrium,
1090 2165 1149 2235 per
1164 2147 1252 2233 quod
1290 2228 1297 2241 κ

237 2261 289 2330 111
306 2260 453 2330 scientiae
468 2261 529 2350 ipsi
545 2261 669 2350 agendo
684 2281 866 2351 repugnare
883 2261 1041 2348 dicimur,
1060 2261 1146 2329 nihil
1159 2261 1249 2330 aliud

237 2377 1252 2468 estqubrnstatusanimisoientiuverecarentisatqueineertt

237 2494 347 2562 solbm
359 2494 515 2584 opinione
528 2493 652 2563 utentis
666 2523 673 2577 ;
689 2499 753 2584 qut
770 2495 865 2575 duee,
878 2495 947 2584 jum
965 2515 1034 2562 non
1050 2516 1117 2563 una
1133 2493 1251 2583 agendi

237 2610 289 2678 111
313 2617 415 2700 petet,
448 2632 522 2700 quae
545 2612 708 2680 edurum
736 2610 861 2679 bonum
886 2612 1011 2681 directo
1034 2611 1164 2691 tendat3
1193 2610 1251 2678 sed

238 2726 360 2816 duplex
387 2726 440 2796 111
469 2727 570 2796 dubio
594 2727 706 2794 animo
729 2728 958 2817 proponitur:
989 2748 1131 2816 quarum
1154 2725 1250 2794 rnodb

237 2863 338 2910 unam
365 2842 622 2912 11111111111111
646 2865 726 2932 vago
752 2865 864 2913 errore
882 2866 1038 2934 sequens,
1064 2846 1161 2911 horno
1184 2843 1253 2910 for-

235 2964 325 3026 tunae
344 2959 456 3045 servit,
478 2960 603 3027 nedurn
621 2958 686 3027 sibi
708 2959 857 3048 imperet.
874 2959 937 3036 Qui
955 2959 983 3027 si
1004 2961 1097 3026 forte
1109 2959 1144 3025 in
1164 2959 1250 3027 bona

235 3075 403 3158 inciderit,
424 3076 508 3143 bont
533 3074 667 3164 quidem
687 3081 774 3143 sorte
795 3075 932 3155 fruitur,
951 3095 1017 3171 npn
1034 3076 1120 3142 1111111
1143 3081 1251 3146 mente

235 3191 373 3283 potitur.
390 3193 428 3261 Ut
442 3192 533 3260 enirn
547 3211 566 3258 a
580 3193 649 3282 δόξῃ
663 3191 804 3259 maxime
818 3191 929 3259 diflert
946 3200 967 3277 ἡ
979 3198 1129 3277 ἐπιστήμη,
1150 3192 1252 3261 sioab

212 3332 214 3337 ·
235 3308 347 3397 εὐτύχίᾳ
364 3318 385 3395 ἡ
401 3309 550 3396 εὐπραξία,
574 3307 621 3375 sio
639 3308 680 3375 ab
705 3305 834 3375 arbitrii
859 3306 997 3376 libidine
1016 3327 1093 3376 vera
1115 3308 1251 3378 libertas

234 3423 332 3512 longo
347 3424 447 3492 distat
462 3421 647 3492 intervallo.

277 3652 329 3720 lll.
355 3653 481 3733 Quibus
504 3653 550 3721 ita
566 3653 689 3743 positis
710 3661 807 3741 utque
821 3652 955 3721 omnino
970 3652 1160 3743 compertis,
1179 3654 1248 3742 jam

233 3770 324 3838 facili
346 3770 477 3857 negotio
495 3770 588 3837 locus
608 3770 664 3839 ille
687 3768 867 3858 singularis
885 3775 919 3837 et
934 3770 1131 3860 conspicuus
1147 3771 1248 3860 expli·
1295 3843 1299 3849 ,

233 3885 373 3965 cabitur,
385 3885 444 3953 ubi
457 3885 604 3955 Socrates
616 3886 731 3955 eadem
749 3906 827 3954 oum
841 3884 1055 3979 Euthydemo,
1075 3905 1149 3973 quae
1161 3887 1248 3977 opud

232 4004 399 4071 Platonem
415 4024 492 4071 oum
506 4003 635 4093 Hippio,
653 4004 694 4071 de
709 4004 893 4072 voluntarii
910 4002 967 4069 illt
985 4001 1199 4089 cogitatorum
1216 4009 1248 4070 et

234 4118 627 4210 diuorumdiscrepantie
642 4140 743 4209 quam
759 4118 969 4188 mendacium
984 4138 1152 4199 vocamus,
1170 4119 1247 4187 sub-

232 4236 325 4304 tilius
349 4235 508 4327 disputat.
544 4237 604 4316 Qui
628 4236 874 4306 Memorabilium
894 4236 990 4306 locus
1014 4234 1109 4326 quasi
1134 4235 1244 4305 brevis
