2990 4918
282 532 312 583 52
584 528 727 595 ‘rclrouls
744 529 860 580 fllrrlls
877 528 978 581 utnon.

326 660 417 737 Quod
450 661 491 727 ad
514 660 656 728 liberum
676 655 850 726 arbitrium
883 656 1010 739 attinet,
1036 655 1121 726 illud
1153 656 1290 757 ininte-

280 775 367 844 riore
383 779 510 845 tantum
525 775 682 845 doctrinae
706 794 835 863 genere,
854 772 941 863 quod
955 771 1144 862 opinionem
1159 777 1285 851 vocant,

216 972 218 979 p
279 892 401 961 versari
411 900 502 983 putat
513 889 872 980 SocratesNequerere
885 888 1027 958 liberum
1038 888 1204 975 illud,sed
1212 890 1288 958 vere

278 1029 409 1078 servum
419 1006 721 1097 essecredit.lgitur
729 1028 796 1075 non
804 1006 839 1074 in
848 1006 980 1097 propria
990 1006 1019 1074 vi
1031 1006 1220 1090 voluntatis,
1229 1005 1287 1074 sed

276 1124 311 1193 in
326 1125 467 1214 quodam
482 1123 706 1214 intelligentiae
726 1123 833 1212 gradu
846 1122 976 1209 residet,
993 1123 1193 1214 prensisque
1207 1144 1284 1191 cum

274 1241 332 1308 illo
349 1248 381 1309 et
400 1248 554 1311 errorum
566 1247 600 1310 et
612 1247 821 1330 peccatorum
838 1237 1014 1330 principio,
1031 1239 1197 1329 opinione,
1208 1260 1285 1308 con·

273 1357 434 1427 funditur.
449 1398 491 1410 -
500 1358 712 1449 Quapropter,
722 1356 779 1446 qui
788 1355 964 1436 mentitur,
975 1376 1042 1425 non
1054 1355 1127 1425 ideo
1142 1355 1284 1425 mendax

271 1474 418 1564 estquod
434 1497 509 1544 vera
523 1475 625 1560 novit,
643 1473 701 1544 sed
714 1473 804 1563 quud
824 1478 952 1563 partem
966 1474 1094 1540 tanturn
1115 1493 1216 1541 unam
1232 1494 1284 1540 ve

270 1589 376 1659 ritatis
388 1572 553 1675 discrerit,
573 1590 697 1659 nedum
705 1595 806 1658 totam
829 1587 963 1663 scientia
976 1594 1094 1658 teneat.
1112 1588 1173 1667 Qui
1191 1588 1281 1657 enim

270 1684 495 1775 omniuo'vera
506 1704 608 1786 novit,
630 1706 659 1775 is
674 1712 706 1774 et
718 1705 880 1795 cujusque
895 1703 942 1772 rei
956 1727 1034 1773 curn
1050 1705 1281 1795 summobono

268 1821 461 1892 relationem
474 1829 506 1891 et
520 1822 781 1892 convenientiam
795 1821 961 1911 cognitam
976 1823 1084 1891 habet.
1100 1822 1181 1911 Ergo
1192 1820 1283 1910 igno-
1328 1824 1335 1839 ⁰
1380 1804 1384 1813 ’

213 2005 217 2010 ,
259 1944 392 2022 rantes,
407 1921 636 2026 conscientes,
654 1946 711 2009 aut
719 1933 827 2007 verbis
842 1946 899 2008 aut
908 1938 1001 2007 factis
1017 1938 1211 2017 mentimur3
1223 1958 1279 2005 ue-

267 2073 332 2141 que
347 2058 427 2121 tunc
440 2054 599 2143 temporis
613 2054 752 2122 arbitrio
763 2062 796 2124 et
809 2042 976 2123 voluntate
989 2054 1097 2138 liberi,
1116 2055 1171 2123 sed
1187 2054 1278 2142 igno-

267 2166 373 2236 rantia
382 2173 418 2236 et
425 2189 536 2239 errore
550 2169 636 2238 servi
644 2191 775 2240 sumus.
792 2170 873 2239 Vera
888 2178 999 2240 autem
1010 2170 1156 2252 libertas,
1166 2169 1278 2259 judice

265 2282 399 2371 quidem
415 2284 558 2370 Socrate,
576 2307 641 2354 non
655 2285 690 2353 in
712 2308 750 2355 eo
760 2286 858 2376 jacet,
877 2294 915 2356 ut
933 2286 1056 2378 duplici
1072 2286 1170 2356 modo
1182 2306 1278 2376 agere

265 2399 443 2489 possimus,
467 2401 557 2491 quod
578 2402 740 2492 ambiguae
761 2403 930 2493 Opinionis
949 2384 1121 2495 proprium
1139 2411 1200 2486 est,
1221 2401 1278 2471 sed

248 2521 302 2584 'ut
316 2538 382 2586 uno
399 2521 528 2595 tantum
540 2526 573 2588 et
590 2521 712 2610 optimo
722 2520 820 2590 modo
830 2542 926 2612 agere
935 2520 1109 2612 possimus,
1124 2519 1278 2613 quodsu-

264 2632 584 2735 pientiaeproprium
609 2643 641 2704 et
659 2637 825 2728 peculiare
845 2645 906 2707 est.
933 2636 984 2706 Sic
1006 2637 1042 2704 in
1061 2635 1277 2704 inferioribus

265 2746 440 2819 dialecticae
461 2751 761 2840 gradibussorrum
776 2753 965 2835 arbitrium,
978 2754 1013 2821 in
1025 2775 1155 2822 summo
1166 2759 1276 2821 autem

265 2862 409 2933 eulmine
424 2865 568 2937 Libertas
582 2867 644 2936 sita
658 2856 717 2937 est.
764 2963 766 2971 ,
837 2884 840 2891 ⁴

263 3106 359 3160 ratione
373 3114 398 3159 et
410 3108 522 3167 oratione
533 3114 558 3160 et
572 3109 668 3162 actione
680 3086 793 3176 pr'aestat,
807 3110 910 3163 utitem
922 3115 948 3163 et
958 3107 1177 3173 eloquentissimus
1188 3107 1277 3173 etius-

262 3187 375 3239 tissimus
383 3188 417 3239 sit
431 3187 658 3255 (διαλεκτικώτατος,-
672 3194 702 3240 ut
716 3189 751 3239 ait
762 3189 904 3256 xenophon,
919 3195 947 3241 et
959 3188 1072 3256 ἅρωτοςὲ.
