2990 4918
285 464 307 562 o*
597 509 736 561 euitatus
749 507 865 561 llll’l'th
882 508 975 560 llllldll

286 640 397 730 quiin
419 639 536 729 Maiore
557 639 672 728 llippid
691 659 729 707 ea
752 658 819 707 non
836 638 946 726 legere
964 657 1033 708 non
1047 645 1209 729 potuerat,
1228 641 1301 728 qui·

285 757 350 826 bus
370 757 442 848 ipse
460 755 550 824 Plato
572 754 722 825 Minorem
745 753 893 844 Hippiam
915 753 1048 825 nuntiat
1066 764 1098 825 et
1125 762 1298 847 praeparat.

286 873 420 965 llippias
433 872 524 942 enim
542 871 708 941 Socratem
725 870 843 940 invitat
855 877 893 939 ut
915 892 1011 940 suam
1028 870 1069 940 de
1089 872 1301 963 Neoptolemo

288 989 482 1071 orationem,
500 989 571 1079 jam
598 987 830 1058 Lacedaemone
854 987 1013 1074 habitam,
1036 988 1073 1058 in
1095 989 1206 1058 schola
1229 988 1303 1057 Phi·

288 1106 427 1175 dostrati
443 1111 519 1197 post
534 1110 604 1174 tres
618 1104 700 1189 dies,
719 1102 748 1172 si
762 1103 854 1183 velit,
871 1102 1000 1173 audiat:
1015 1143 1056 1157 -
1073 1103 1197 1194 quibus
1211 1110 1243 1172 et
1256 1103 1303 1172 lo·

288 1244 347 1294 cus
366 1229 399 1292 et
421 1222 549 1292 occasio
569 1227 602 1292 et
624 1241 771 1312 personae
791 1218 926 1301 Secundi
944 1220 1066 1309 Hippiae
1081 1218 1301 1290 indicantur¹.

288 1338 381 1408 Unde
398 1339 436 1407 fit
455 1345 493 1408 ut
511 1336 699 1409 arctissimo
720 1336 852 1405 vinculo
877 1337 978 1425 Major
997 1344 1029 1405 et
1051 1335 1152 1406 aanor
1174 1336 1304 1426 Hippios

288 1459 485 1538 cohaereant,
502 1465 602 1549 atque
616 1460 723 1525 unum
739 1460 772 1523 et
786 1454 943 1524 eumdem
956 1454 1080 1523 librum
1100 1454 1196 1524 ambo
1208 1455 1304 1545 quasi

290 1574 443 1657 condent,
492 1576 550 1665 qui
582 1572 779 1664 simpliciter
820 1573 861 1644 ab
890 1571 1036 1664 antiquis
1070 1572 1306 1642 nominabatur
1361 1549 1365 1558 ⁸

289 1691 433 1782 hippius.
459 1692 564 1780 Atque
585 1693 622 1761 in
644 1694 707 1762 hoc
726 1688 813 1759 libro
832 1710 852 1759 a
871 1690 1006 1760 Platone
1019 1688 1138 1779 triplex
1151 1689 1302 1780 quaestio,

290 1829 358 1875 non
373 1808 445 1878 sine
469 1815 546 1899 apto
561 1816 593 1878 et
614 1809 743 1900 egregio
770 1807 914 1900 partium
933 1807 1062 1887 ordine,
1086 1807 1219 1898 agitur:
1239 1805 1306 1897 pri-

187 1938 190 1947 ·
291 1927 385 1991 mrim
401 1923 442 1993 de
460 1927 592 2013 pulchro
609 1925 644 1994 in
666 1926 783 2014 Maiore
802 1925 917 2013 Hippio
927 1950 939 2004 ,·
959 1924 1143 1993 secundbm
1160 1924 1200 1992 de
1218 1943 1304 2003 uero,

290 2038 327 2106 in
341 2040 452 2130 priore
463 2045 557 2130 parte
570 2041 700 2110 Minoris
711 2042 852 2128 Hippiae,-
869 2039 1010 2128 denique
1022 2040 1064 2109 de
1082 2042 1159 2107 booo
1172 2060 1211 2106 ac
1219 2039 1305 2125 josto

290 2157 326 2224 in
340 2154 522 2247 posteriore
539 2154 687 2244 ejusdem
707 2154 829 2244 dialogi
851 2159 955 2245 parte.
978 2153 1087 2231 Quum
1102 2157 1178 2223 verb
1202 2154 1306 2224 multa

202 2274 204 2277 ’
291 2273 367 2355 alia,
391 2278 464 2340 tum
488 2271 588 2343 etiam
613 2271 778 2365 sophistas
798 2269 912 2365 dehis
928 2270 1037 2339 tribus
1062 2269 1146 2338 nihil
1163 2270 1245 2339 certi
1272 2277 1305 2340 et

291 2389 378 2459 recti,
396 2396 508 2458 tenere
522 2388 612 2456 Plato
634 2387 786 2458 ostendit.
814 2368 1018 2478 Quapropter
1035 2386 1186 2475 Maiorem
1204 2391 1235 2455 et
1249 2386 1306 2456 Mi·

291 2528 399 2576 oorem
417 2506 563 2595 llippiom
587 2513 644 2574 aut
664 2506 766 2574 simul
788 2527 865 2576 eum
883 2505 974 2592 Astio
996 2504 1102 2594 rejici,
1126 2504 1306 2574 autsimul

292 2623 432 2703 admitti,
458 2630 715 2694 consentaneum
731 2630 793 2694 est.
815 2623 915 2693 Addit
928 2623 1028 2694 etiam
1042 2624 1078 2692 ll.
1102 2623 1223 2693 (lousin
1236 2622 1307 2692 Pla-

294 2935 306 2968 ι
323 2919 480 2981 dramatique
493 2917 555 2983 qu'il
567 2917 726 2968 recherehait
742 2917 763 2966 si
778 2916 974 2977 curiensement,
995 2923 1020 2968 et
1031 2903 1050 2966 il
1070 2923 1108 2967 est
1125 2916 1268 2981 impossible
1279 2919 1312 2969 de

295 3015 308 3048 ις
324 2999 466 3050 l’attribuer
480 2997 495 3046 i
508 2997 607 3048 l’habile
616 2997 746 3048 imitateur
755 2997 786 3046 de
803 2997 916 3060 Sophron
928 3002 954 3046 et
961 2996 1158 3059 d’hristophane.
1171 3013 1184 3045 ν

327 3096 372 3132 ...ιι
386 3078 424 3130 Un
434 3079 478 3128 des
490 3077 613 3142 premiers
633 3078 707 3129 essais
721 3077 885 3141 dialectiques
899 3077 930 3126 de
946 3076 1042 3138 Platon,
1060 3075 1125 3127 essai
1139 3079 1311 3140 malheureux,

295 3181 307 3212 ι
325 3162 357 3212 ou
372 3162 467 3211 n'etaut
480 3174 522 3223 pas
531 3173 622 3210 encore
635 3162 681 3212 sdr
696 3162 728 3211 de
746 3172 791 3209 son
803 3159 954 3209 instrument
968 3164 994 3208 et
1006 3158 1037 3209 de
1050 3172 1078 3208 sa
1089 3159 1181 3210 subtile
1200 3162 1310 3225 analysa

296 3254 308 3289 ι
326 3240 391 3291 celui
400 3241 443 3305 qui
452 3241 537 3290 devait
550 3243 604 3291 etre
614 3255 649 3290 nn
656 3241 716 3304 jour
725 3255 761 3290 un
771 3238 930 3311 dialecticien
942 3239 964 3289 si
972 3239 1054 3289 habile
1068 3254 1129 3290 aura
1143 3241 1199 3304 gite
1214 3256 1241 3291 sa
1249 3256 1313 3305 pen-

296 3320 368 3369 asie
388 3334 420 3370 en
442 3320 545 3370 roulant
565 3321 590 3370 la
605 3322 767 3384 decomposer
790 3325 815 3370 et
837 3317 975 3369 l'eclaircir.
998 3307 1055 3369 llais
1075 3324 1139 3370 cette
1157 3322 1313 3386 supposition

298 3417 311 3449 ι
326 3402 407 3450 πιόνοιν
422 3408 460 3451 est
473 3401 571 3464 'apeine
580 3401 738 3460 admissihle3
754 3415 797 3452 car
808 3401 832 3451 le
845 3399 923 3464 Lysia,
941 3413 990 3462 que
1000 3399 1043 3451 des
1054 3401 1225 3465 temoignages
1236 3403 1313 3453 histo·

296 3496 309 3528 ι
325 3479 413 3544 riqnes
427 3481 592 3531 irrecusables
603 3474 703 3545 placent
716 3495 749 3530 au
760 3481 838 3531 debut
851 3481 883 3530 de
896 3480 920 3530 la
931 3479 1042 3529 camiere
1056 3480 1204 3544 dialectique
1212 3483 1242 3532 de
1257 3483 1312 3533 Pla-

297 3578 310 3612 ι
326 3569 380 3625 ton,
395 3567 440 3622 est,
451 3562 549 3622 molgre
558 3562 594 3610 ies
608 3561 704 3611 deiauts
714 3561 758 3625 qui
770 3559 907 3611 trahissent
921 3560 945 3610 le
959 3560 1041 3623 grand
1057 3560 1212 3612 dialecticien
1225 3564 1313 3615 norica

298 3660 310 3691 ι
327 3656 427 3704 encore,
440 3644 454 3691 a
465 3654 515 3691 une
527 3642 587 3691 telle
602 3640 714 3691 distance
726 3641 760 3690 du
769 3639 862 3689 second
876 3639 992 3706 Hippiae,
1004 3654 1061 3695 sous
1071 3644 1127 3688 tous
1137 3641 1173 3690 les
1185 3649 1311 3708 rapports,

298 3741 309 3771 n
325 3724 387 3786 qu’il
400 3736 463 3772 nous
474 3728 512 3772 est
522 3721 686 3779 ‚absolument
703 3720 849 3784 impossible
862 3722 893 3771 de
907 3721 1067 3772 reconnaitre
1088 3718 1150 3769 dans
1170 3728 1203 3771 ce·
1212 3723 1313 3774 dernier

298 3819 310 3852 ι
328 3804 443 3866 dialogue
452 3818 488 3852 uu
499 3809 646 3852 monument
657 3803 692 3852 du
706 3804 788 3852 meme
800 3807 881 3867 temps
896 3807 923 3852 et
942 3802 973 3852 de
994 3802 1017 3850 la
1032 3800 1113 3850 meme
1133 3801 1203 3851 main
1225 3816 1274 3866 que
1289 3805 1313 3855 le

298 3901 310 3932 ι
327 3882 444 3948 premier¹
456 3897 469 3931 ν
481 3881 545 3934 ibid.
1323 3870 1327 3879 ¹

329 3964 339 3995 ¹
354 3961 463 4028 Hippias
473 3962 564 4026 Major,
578 3963 633 4021 286,
646 3963 669 4015 h.
684 3979 696 4011 (ι
711 3969 799 4015 Τοῦτον
820 3964 848 4022 δη
868 3961 915 4027 (τὸν
936 3961 1014 4027 λόγον)
1032 3967 1073 4012 καὶ
1083 3963 1133 4013 ἐκεῖ
1147 3964 1312 4028 ἓτεδειξάμην,

297 4048 339 4093 καὶ
353 4043 435 4093 ἐνθάδε
445 4046 521 4108 petto
533 4043 690 4094 ἐπιδεικνύναι
698 4045 730 4102 εἰς
740 4051 821 4109 τρίτην
831 4048 920 4113 ἡμέραν
929 4045 953 4093 ἐν
963 4053 996 4108 τῷ
1010 4043 1183 4111 Φειδοστράτου
1196 4044 1313 4097 διδασκα-

299 4130 363 4192 λείῳ,
382 4130 422 4178 καὶ
436 4126 496 4177 ἄλλα
507 4128 581 4178 πολλὰ
601 4132 642 4176 καὶ
659 4127 715 4184 άξιοι
728 4127 806 4184 ἀκοῆς·
823 4125 904 4182 ἐδεήθη
913 4130 959 4189 γάρ
969 4143 1014 4190 μου
1023 4123 1119 4183 Εὔδικος
1129 4128 1141 4175 ὁ
1151 4125 1312 4190 Ἀπημάντου.

298 4207 363 4259 ’Ati‘
384 4207 445 4266 ὅπως
463 4213 560 4274 παρέσει
574 4214 615 4258 nott
635 4207 704 4265 αὖτος
725 4213 765 4258 καὶ
780 4209 861 4265 ἄλλους
876 4208 948 4270 ἄξεις,
967 4209 1051 4266 οἵτινες
1073 4209 1148 4259 ἱκανοὶ
1171 4208 1313 4269 άκοάοοιντις

300 4299 377 4354 κρῖναι
387 4294 418 4339 τὰ
427 4291 551 4353 λεγόμενοι.
571 4294 737 4358 Σωκράτης.
756 4292 828 4341 ’Atto
840 4288 905 4341 ταῦτ’
917 4289 994 4348 ἔσται,
1002 4289 1030 4340 άν
1040 4286 1194 4354 irretiant»
1205 4291 1312 4341 Ἱππία.»
