2990 4918
285 552 320 603 sc
595 544 737 601 emroms
753 546 870 600 merus
884 547 978 600 utnon

282 713 363 771 τοῦτο
375 705 485 787 ἤδηκαὶ
494 707 560 786 ἡμῖν
570 706 667 785 δεινόν,
681 707 706 769 cl
722 705 793 784 μηδὲ
802 697 872 787 παρ’
880 706 953 785 ὑμᾶς
964 704 1124 788 ἀφικόμενοι
1136 709 1298 787 παυσόμεθα

282 833 334 903 τῆς
348 821 487 901 πλάνηςῑ.
506 842 524 882 »
544 854 585 869 -
598 817 701 907 Atque
715 817 769 885 hic
778 816 913 906 quidem
929 810 1047 885 solitus
1060 817 1296 902 socraticorum

282 933 490 1022 dialogorum
503 931 623 1018 exitus,
637 933 696 1001 nbi
712 932 859 1002 Socrates
874 952 933 1022 per
950 918 1096 1029 ironiam*
1113 954 1242 1024 semper
1262 957 1298 1004 se

282 1049 322 1118 de
345 1049 436 1117 omni
460 1070 496 1118 re
516 1048 668 1119 dubitare
691 1055 790 1139 atque
807 1048 919 1127 omnia
935 1047 1087 1138 ignorare
1106 1048 1211 1139 fingit.
1233 1049 1298 1119 Nec

281 1167 360 1233 sane
380 1164 453 1233 ideo
473 1162 643 1232 dubitabat
659 1172 773 1232 noster
783 1164 1014 1253 philosophus,
1030 1186 1135 1252 quum
1152 1164 1193 1232 de
1209 1165 1296 1233 mul-

278 1278 321 1348 tis
336 1279 423 1365 aliis,
439 1284 511 1347 tum
529 1280 569 1349 de
583 1279 715 1348 virtutis
727 1286 760 1347 et
771 1278 916 1347 scientiae
931 1284 1060 1347 naturt.
1076 1280 1192 1348 Fixum
1206 1280 1295 1349 enim

278 1402 310 1464 et
328 1403 489 1465 statutum
509 1396 559 1464 illi
574 1396 612 1464 in
635 1395 746 1463 animo
760 1402 833 1463 crat
845 1396 1000 1463 uirtutem
1018 1393 1109 1463 idem
1129 1402 1228 1484 atque
1240 1418 1296 1487 op·

277 1509 350 1579 timi
369 1511 540 1581 scientiam
558 1533 643 1581 esse.
664 1513 772 1590 Quare
792 1511 960 1579 immerito
976 1511 1146 1601 scripsisse
1166 1511 1295 1581 uidetur

276 1627 508 1696 Stallbaumius
526 1653 533 1692 :
553 1653 569 1692 u
589 1626 676 1695 lllud
695 1629 893 1715 potissimum
915 1626 951 1693 in
969 1627 1031 1694 hoc
1044 1626 1156 1695 libello
1175 1626 1239 1715 agi,
1258 1633 1296 1695 ut

278 1744 436 1834 «Hippiae
460 1743 616 1835 sophista
643 1743 768 1813 vanitas
796 1749 894 1831 atque
911 1741 1030 1811 inertia
1054 1743 1215 1821 videatur,
1236 1743 1294 1830 qui

276 1882 294 1924 a
312 1867 524 1950 posteaquam
541 1858 737 1950 sapientiam
752 1881 847 1927 suam
859 1859 994 1948 jactavit
1010 1857 1161 1943 mirifice,
1179 1858 1238 1927 ubi
1253 1859 1295 1927 ad

276 2000 293 2039 u
319 1983 504 2044 extremum
519 1983 656 2068 ventum
678 1982 739 2062 est,
755 1997 797 2044 ne
818 1976 900 2043 leves
921 1975 1057 2063 quidem
1077 1978 1153 2043 istos
1173 1975 1259 2043 conci
1279 2013 1293 2026 ·

275 2114 292 2153 (ι
309 2091 465 2159 clanculus
474 2090 625 2162 refellere
635 2093 772 2180 potest.
785 2088 925 2158 »Omnia
940 2093 1053 2159 contra
1066 2090 1102 2158 in
1118 2111 1293 2179 argumen·

272 2205 395 2275 tatione
406 2207 548 2276 Socratis
562 2213 595 2275 et
609 2206 718 2296 gravia
733 2212 766 2274 et
780 2206 866 2274 seria
881 2206 976 2275 nobis
989 2206 1154 2291 videntur,
1168 2206 1291 2275 nedum

273 2322 402 2392 levibus
418 2342 501 2391 nexa
515 2321 809 2392 conclusiunculis.
832 2323 904 2413 lpse
922 2328 1035 2392 autem>
1055 2322 1292 2392 Stallhaumius

272 2438 371 2530 paulo
392 2445 464 2528 post
480 2438 583 2526 addit,
601 2418 643 2507 ut
651 2439 720 2527 jam
738 2445 833 2508 antea
847 2438 993 2517 vidimus
1017 2460 1026 2506 :
1059 2462 1076 2504 (ι
1098 2440 1291 2530 Quanquam

271 2552 357 2624 illud
365 2576 538 2624 summum
552 2555 808 2647 ultimumque«
821 2555 992 2646 scriptoris
1003 2555 1293 2627 consiliumluisse

271 2672 518 2742 concedendum
536 2679 597 2759 est,
616 2678 727 2742 tamen
744 2698 761 2737 «
777 2674 943 2741 Platonem
967 2672 1069 2740 simul
1091 2671 1183 2742 aliud
1197 2671 1293 2762 quid·

273 2813 290 2852 o
317 2787 392 2855 dam
414 2796 566 2858 secutum
579 2808 659 2858 *esse
681 2788 777 2858 facilc
797 2789 1054 2880 suspicabuntur
1073 2788 1219 2878 quicum
1235 2809 1292 2857 no·

272 2927 291 2967 c
316 2909 434 2971 verunt
446 2905 497 2973 uel
510 2905 544 2975 in
560 2908 692 2975 summt
707 2905 893 2989 rhetorum,
914 2904 1136 2985 sacerdotum,
1160 2904 1289 2994 sophis·

272 3042 290 3082 a
314 3025 424 3087 tarum
434 3019 641 3110 aliorumque
651 3019 826 3089 hominum
836 3019 990 3088 irrisione
998 3028 1173 3110 'nunquam
1184 3018 1291 3111 ipsius

272 3160 287 3197 o
314 3134 527 3226 philosophia
547 3139 682 3225 prorsuis
695 3136 800 3205 fuisse
816 3136 1082 3204 immemorem
1099 3162 1116 3201 o
1135 3176 1176 3189 -
1197 3136 1289 3213 Quod

269 3249 416 3340 primum
433 3252 557 3320 Platoni
576 3252 783 3343 propositum
803 3252 907 3322 luisse
926 3251 1163 3321 Stallbaumius
1182 3258 1288 3344 putat,

269 3366 300 3431 id
324 3367 509 3436 secundum
529 3390 592 3437 nos
609 3368 778 3459 ponimus,
794 3368 922 3439 scilicet
939 3374 976 3437 ut
991 3368 1146 3460 sophistae
1160 3368 1289 3437 ridean-

269 3489 342 3563 tur;
362 3484 450 3573 quod
474 3491 585 3554 autem
608 3487 792 3555 secundum
807 3484 1026 3567 Stallhaumio
1044 3485 1155 3553 risum
1173 3478 1235 3569 est,
1254 3482 1289 3551 id

268 3597 375 3685 primo
396 3598 468 3668 loco
489 3601 658 3690 ponimus,
681 3608 719 3670 ut
738 3602 880 3670 Socratis
899 3600 939 3669 de
963 3601 1100 3669 scientia
1115 3607 1148 3670 et
1166 3599 1290 3669 virtute

267 3711 432 3783 institutio
442 3715 678 3787 illustraretur.
691 3718 839 3787 Socrates
858 3717 948 3785 enim
963 3716 1058 3785 nullo
1080 3716 1179 3784 modo
1199 3700 1300 3784 com?

268 3849 405 3898 munem
426 3832 519 3901 illam
541 3838 573 3902 et
596 3833 819 3924 sophistarum
835 3842 868 3901 et
880 3832 971 3922 uulgi
996 3832 1191 3900 sententiam
1212 3851 1290 3921 pro*

266 3943 377 4033 habat,
399 3942 471 4017 ecse
492 3950 552 4041 qui
570 3950 712 4021 scientes
730 3950 855 4038 injuste
871 3957 983 4039 agant.
997 3987 1039 4000 -
1054 3947 1086 4017 Si
1106 3948 1197 4017 enim
1215 3946 1285 4027 isti,

300 4158 310 4191 ¹
324 4159 400 4228 dcpp.
412 4162 482 4225 Min„
494 4159 542 4214 576
554 4163 580 4228 b,
592 4180 614 4216 c.

299 4246 311 4279 2
327 4247 403 4315 Are„
414 4264 440 4316 p.
452 4249 508 4303 232.

207 4402 209 4409 y
298 4330 396 4396 'Arq.,
413 4345 440 4395 p.
455 4331 512 4382 234.
565 4331 569 4337 '
