2990 4918
225 515 289 566 Silii
304 514 465 566 soctttttot
476 514 588 566 tollat
603 512 730 565 emanata
745 515 907 566 inaltatur
923 504 1104 568 tnooudrtrt.
1143 515 1173 564 d'l

167 646 336 708 mutuatus
355 647 436 719 erat,
459 660 558 729 quam
579 638 702 730 Spartae
712 640 781 727 jam
800 640 954 726 habitam,
970 662 988 707 a
1007 640 1176 730 Spartanis

166 763 276 825 autem
297 759 416 845 parum
435 756 619 845 probatam,
645 756 853 825 nuntiaverat
874 778 909 825 se
935 778 1065 836 rursus,
1094 777 1176 846 prae-

166 881 258 941 sente
271 871 416 957 Socrate,
438 871 641 940 habiturum.
658 872 750 957 Nem,
768 893 873 961 quum
888 873 929 941 de
944 872 1069 962 optima
1080 873 1175 960 jure·

165 1010 246 1057 num
265 987 479 1057 institutione
504 987 696 1068 dissereret,
719 988 879 1057 Achillem
903 994 935 1056 et
961 988 1109 1079 Ulyssem
1133 989 1181 1055 in-

164 1106 303 1175 duxerat
319 1106 407 1174 inter
420 1127 456 1174 se
469 1106 719 1195 comparandos.
736 1107 843 1184 Quum
856 1110 931 1173 vero
957 1126 1047 1174 nunc
1060 1126 1180 1196 propo·

165 1223 264 1293 sitam
280 1242 299 1289 a
313 1222 448 1289 Socrate
468 1197 683 1311 quaestiodem
702 1223 743 1290 de
764 1220 936 1289 mendacio
956 1222 1081 1290 referre
1101 1222 1180 1290 velit

165 1337 358 1406 adllomeri
375 1337 618 1417 auctoritatem,
640 1338 788 1406 Socrates
807 1337 977 1426 egregium
1000 1337 1097 1407 illum
1113 1340 1181 1427 opi·

165 1456 267 1522 amatis
279 1459 449 1521 auctorem
464 1460 604 1533 recusat,
626 1460 665 1521 ut
677 1453 734 1542 qui
750 1453 914 1521 dictorum
928 1474 1066 1522 suorum
1076 1455 1179 1522 ratio·

166 1591 241 1638 nem
261 1569 342 1637 dare
359 1590 428 1637 non
450 1569 564 1658 possit.
583 1569 675 1647 Quod
690 1568 824 1658 quidem
841 1568 877 1636 in
900 1570 1019 1638 ceteris
1040 1569 1180 1658 dialogis

168 1686 235 1755 lere
244 1685 351 1754 simili
361 1685 457 1753 modo
474 1684 600 1754 dietum
616 1685 761 1774 reperias
773 1689 796 1752 ¹.
980 1772 988 1783 ι

208 1804 278 1870 lmd
298 1803 335 1871 in
363 1801 446 1891 ipsis
475 1802 606 1869 Homeri
635 1801 787 1869 versibus
812 1802 870 1887 qui
894 1802 1098 1870 ooeasionem
1123 1800 1180 1869 isti

167 1920 205 1988 de
235 1917 420 1987 voluntario
447 1918 614 1985 mendacio
635 1917 849 2007 disputationi
873 1918 1030 2005 praebent,
1060 1938 1179 1986 rursus

168 2034 282 2129 Opinio
300 2040 334 2100 et
350 2032 491 2102 Scientia
513 2033 608 2121 quasi
630 2035 691 2101 suh
709 2033 859 2123 personis
888 2041 1177 2123 repraesentantur.

168 2144 257 2229 Quod
278 2149 419 2219 minime
441 2148 676 2233 intellexerunt
688 2150 896 2238 interpretes,
914 2150 1000 2219 inter
1015 2171 1183 2238 quosnos·

168 2273 219 2335 ter
231 2267 266 2335 V.
285 2265 404 2334 Cousin
423 2267 570 2355 prolatos
583 2264 714 2334 Homeri
728 2286 856 2346 versus,
874 2273 913 2334 ut
923 2266 1064 2333 nimium
1079 2266 1181 2333 inuti*
1292 2338 1297 2345 ,

170 2382 229 2464 les,
256 2380 391 2451 crimini
407 2382 505 2451 uertit
515 2381 674 2451 Platoni².
696 2381 760 2449 Neo
774 2388 886 2451 tamen
899 2382 1031 2473 dempto
1045 2381 1181 2450 consilio

170 2499 329 2569 Achillem
345 2505 443 2588 atque
457 2498 617 2591 Ulyssem,
632 2499 774 2566 alterum
789 2498 934 2566 inaltero
949 2504 1098 2587 poemate
1111 2499 1182 2569 lau·

169 2615 292 2696 datum,
307 2593 546 2706 comparandos
566 2614 658 2682 Plato
676 2600 832 2688 instituit.
848 2615 978 2702 Ulysses
997 2613 1087 2682 enim
1101 2636 1180 2704 pru-

169 2733 289 2813 tentia,
316 2730 461 2801 Achilles
477 2737 588 2799 autem
611 2752 770 2818 generoso
785 2729 1179 2820 quodamanimiimpetu

169 2855 323 2939 praestare
336 2849 478 2918 videtur.
504 2846 634 2916 Scilicet
660 2849 756 2929 alter,
783 2868 1000 2937 quaecumque
1027 2848 1077 2915 vel
1092 2846 1185 2929 dicit

167 2965 217 3032 vel
244 2964 311 3054 agit
334 2964 492 3055 prudenti
512 2964 692 3032 meditatur
712 2964 854 3054 judieio;
882 2963 968 3031 nihil
995 2954 1181 3032 inconsulto

168 3080 231 3148 sibi
245 3081 329 3172 eripi
343 3081 433 3161 sinit,
452 3080 540 3170 quod
560 3079 630 3171 ipse
649 3081 802 3148 Fortunae
816 3080 944 3169 eripere
965 3087 1077 3169 queat;
1095 3078 1181 3145 nihil

167 3197 311 3264 admittit
325 3197 421 3284 cujus
435 3196 597 3291 rationem
613 3194 751 3264 reddere
767 3217 834 3264 non
847 3195 964 3275 valcat,
983 3214 1180 3284 semperque

167 3315 218 3379 sul
244 3314 400 3389 conscius
431 3316 562 3389 summa
583 3311 736 3380 libertate
761 3313 872 3380 omnia
902 3311 1036 3380 utiliora
1074 3309 1177 3397 eligit.

165 3426 244 3505 Quis
260 3428 382 3497 infitias
401 3438 452 3497 eat
466 3429 506 3496 ah
522 3427 582 3495 illo
595 3449 771 3519 personam
792 3427 937 3496 scientiae
951 3433 984 3495 et
998 3425 1181 3517 prudentiae

164 3544 247 3631 geri,
266 3550 303 3612 ut
326 3545 361 3613 in
377 3567 443 3635 quo
460 3526 672 3635 potissimum
688 3549 844 3635 appareat
863 3542 950 3631 quod
968 3545 1072 3630 grace
1085 3562 1178 3610 voca·

164 3665 220 3726 tur
241 3668 274 3729 eb
299 3665 447 3733 taederet?
475 3659 580 3738 Quare
605 3662 726 3729 fatetur
753 3658 899 3727 Socrates
919 3658 983 3727 sibi
1008 3657 1179 3726 meliorem

164 3773 312 3864 Ulyssem
328 3797 428 3864 quam
453 3776 615 3844 Achillem
635 3775 752 3845 videri.
771 3773 898 3866 Quippe
914 3774 1069 3855 Achilles,
1095 3794 1183 3842 caeo

193 4034 205 4068 ¹
221 4036 382 4100 helopem,
396 4032 443 4085 tlt
457 4048 480 4086 c.
492 4035 624 4094 Phaedrae,
639 4033 688 4082 ata
699 4035 722 4084 d.
807 4044 812 4048 ·
842 4060 847 4067 ·

195 4115 208 4146 ²
225 4115 276 4165 o'll
287 4129 319 4165 ne
328 4116 382 4165 taut
393 4130 438 4180 pas
451 4115 551 4165 oubller
566 4130 615 4166 non
628 4114 684 4177 plus
693 4115 730 4163 les
740 4115 845 4178 tongues
856 4112 969 4163 citatione
984 4112 1123 4172 d'llomtre,
1136 4127 1178 4176 qm

164 4195 384 4259 rappellenteelles
392 4196 429 4245 de
443 4196 513 4254 tlon,
534 4197 597 4246 mais
613 4195 667 4259 qui.
682 4199 745 4245 cette
760 4193 815 4251 lois,
836 4207 869 4243 ne
880 4198 979 4242 servent
990 4205 1033 4254 pas
1049 4192 1179 4254 lgrand-

164 4275 246 4325 chose.
258 4292 271 4323 a
284 4273 364 4340 (tro,
380 4290 404 4339 p.
421 4274 488 4336 286.)
