2990 4918
250 479 281 529 bl
561 476 701 530 ratbotus
717 474 834 527 alerias
850 476 943 527 arbua

156 604 160 617 '
253 607 351 695 quam
366 605 570 692 brevissime,
588 625 662 694 quae
676 605 716 674 de
730 606 794 674 boe
816 604 889 674 loco
907 602 1072 695 praecipua
1094 601 1258 679 videatur,

252 721 416 813 explicare
439 720 608 801 dehemus,
634 722 724 791 unde
751 721 792 790 ad
818 717 1093 790 obscurissimum
1120 718 1262 787 Platonis

253 830 416 926 dialogum
429 838 576 927 Hippiam
587 858 709 906 nouum
723 836 837 908 lumen
851 837 994 906 accedat.

296 955 400 1045 Igitur
414 956 483 1023 baec
498 954 681 1044 praesertim
697 959 795 1024 ceteri
816 953 941 1024 Socrati
962 954 1003 1022 ab
1019 950 1191 1022 Aristotele
1207 950 1265 1019 ob·

247 1071 425 1160 jiciuntur,
444 1092 518 1160 quae
530 1078 563 1140 et
576 1070 664 1162 apud
677 1071 925 1161 Xenophontem
944 1076 977 1140 et
995 1072 1082 1161 apud
1095 1069 1277 1137 Platonem

142 1210 144 1215 ⁴
252 1186 418 1277 legimus:

267 1333 272 1341 ·
296 1304 330 1371 1⁰
343 1303 435 1383 Quod
458 1304 627 1373 rationalis
646 1308 679 1372 et
694 1303 827 1372 moralis
848 1302 1017 1373 dialectiea
1035 1303 1081 1371 ita
1102 1324 1118 1370 a
1134 1301 1263 1371 Socrate

251 1421 508 1510 conjungantur,
534 1429 573 1493 ut
598 1421 703 1510 logica
723 1419 854 1488 virtutis
877 1419 960 1488 ratio
989 1428 1045 1488 aut
1071 1419 1160 1488 notio
1185 1441 1262 1489 cum
1316 1498 1321 1506 .
1366 1501 1372 1511 Ι
1479 1446 1480 1469 1

251 1541 351 1606 causa
363 1537 494 1605 virtutis
507 1537 687 1623 effectrice,
704 1536 842 1607 scientia
857 1558 933 1606 eum
947 1558 1011 1606 usu
1025 1536 1182 1605 coalescat
1197 1563 1205 1602 ι
1218 1573 1263 1586 -

254 1679 271 1719 a
289 1653 375 1723 Ὥστε
392 1663 451 1740 ἅμα
472 1661 625 1738 uocatae
648 1660 749 1722 εἰδέναι
765 1682 796 1722 τε
809 1660 859 1740 τὴν
875 1660 1046 1737 δικαιοσύνην
1059 1659 1107 1722 καὶ
1121 1654 1197 1722 ¹abac
1222 1659 1264 1721 δί-

252 1798 344 1855 καιον,
359 1795 376 1835 »
396 1810 438 1822 -
455 1770 551 1858 sieut,
570 1770 626 1861 qui
641 1791 680 1839 ex
692 1769 868 1860 geometria
878 1770 994 1839 doctus
1003 1779 1064 1848 est,
1082 1775 1263 1858 geometres

252 1893 315 1955 est.
347 1886 517 1965 Quaerebat
542 1885 632 1956 enim
656 1886 802 1956 Socrates
831 1886 906 1974 quid
933 1890 975 1954 cit
1002 1889 1101 1954 virtus
1128 1887 1165 1976 (τί
1180 1894 1263 1955 ’ἐστιν

253 2004 364 2091 ἀρετή),
388 2024 456 2071 non
481 2003 631 2090 quomodo
655 2003 868 2090 electoribus
886 2001 943 2071 fiat
959 2004 1002 2093 (ot
1017 2009 1077 2083 tog
1096 2009 1199 2088 γίνεται
1217 2008 1264 2072 καὶ
1292 2080 1296 2086 ,

253 2125 290 2187 ἐκ
311 2119 444 2197 τίνων);
472 2116 613 2206 ideoque
626 2117 756 2186 virtutis
782 2117 847 2186 rim
862 2123 895 2186 et
909 2117 1086 2187 essentiam
1099 2118 1133 2186 in
1146 2138 1264 2208 genere

253 2242 284 2303 et
294 2234 329 2302 in
342 2233 445 2323 logica
459 2234 605 2314 notione,
616 2224 686 2303 non*
695 2235 731 2302 in
744 2239 842 2304 eausa
858 2235 1137 2327 agenteponebat.
1152 2235 1264 2326 ltaque

252 2350 475 2419 arbitrabatur
495 2350 647 2446 virtutes,
663 2373 725 2422 neo
746 2353 925 2420 modorum
944 2351 1071 2420 ratione
1086 2372 1156 2420 esse
1178 2353 1263 2441 (quae

251 2467 431 2537 Aristotelis
445 2467 551 2557 ipsius
568 2468 681 2558 opinio
697 2469 855 2557 fuit)·,nee
871 2467 967 2537 modo
984 2469 1153 2539 recoctam
1166 2468 1263 2537 ratio-

252 2605 328 2652 nem
344 2583 444 2673 (quod
457 2584 585 2654 Platoni
598 2585 747 2676 placuit),
764 2585 821 2654 sad
844 2588 930 2674 ipsos
949 2588 1088 2657 rattoocc
1104 2605 1177 2655 esse
1194 2610 1201 2650 :
1219 2622 1261 2635 -

254 2724 267 2757 t
287 2708 439 2791 Σωκράτης
451 2708 501 2785 μὲν
516 2703 562 2770 οὖν
580 2709 707 2790 λόγους
728 2708 779 2781 τὰς
797 2706 898 2790 ἀρετὰς
915 2708 985 2790 ᾤετο
1008 2703 1077 2771 εἶναι
1099 2703 1264 2789 (ἐπιστήμας

191 2819 193 2823 ’
250 2823 305 2904 γὰρ
317 2818 386 2885 εἶναι
396 2818 513 2906 πάσας),
531 2825 617 2904 ἡμεῖς
630 2825 661 2886 δὲ
673 2825 744 2902 μετὰ
753 2820 869 2904 letrau&
888 2843 906 2883 u

297 2931 561 3001 alludentem
590 2931 714 3002 Socrati
736 2933 808 3001 ideo
830 2933 960 3016 accidit,
987 2933 1075 3022 quaid
1104 2935 1262 3002 moralem
1299 2976 1303 2985 ·

252 3048 355 3117 animi
369 3054 507 3139 partem,
519 3048 636 3137 quaein
650 3049 819 3120 voluntate
830 3051 961 3132 citarat,
973 3051 1106 3119 omnino
1116 3050 1261 3130 tollebat,

253 3173 284 3233 et
293 3170 399 3234 totum
409 3165 444 3234 iu
455 3166 524 3234 sola
534 3165 660 3235 ratione
674 3167 824 3236 animum
839 3187 910 3236 esse
924 3166 1159 3235 arbitrabatur.
1177 3168 1265 3235 Adeb

248 3282 318 3370 jam
333 3258 429 3351 bouus
450 3282 506 3351 ille
520 3288 553 3350 et
563 3281 717 3373 simplem
727 3290 764 3350 ut
778 3284 977 3374 quibusdam
991 3283 1133 3370 videtur,
1149 3284 1262 3353 Socra-

252 3404 302 3466 tes
318 3397 359 3466 ad
373 3403 553 3467 extremam
570 3399 784 3489 philosophiae
799 3399 891 3467 illam
914 3400 1075 3497 rationem
1091 3406 1262 3492 provectus

254 3515 1264 3604 orat,quamresgallicevocamusrationulismeetitltolismet

246 3616 341 3696 ⁵Plato
357 3636 479 3713 autem,
499 3631 586 3719 quod
601 3633 743 3700 maxime
764 3632 890 3701 mirum
909 3633 1085 3715 videbitur,
1109 3654 1177 3701 non
1195 3636 1262 3701 tam

252 3746 348 3834 longe
362 3745 397 3813 in
417 3747 478 3831 bac
499 3746 549 3814 via
568 3768 763 3838 progressus
779 3752 830 3816 est
847 3751 945 3838 quam
964 3749 1034 3839 ipse
1049 3748 1215 3837 magister,
1230 3755 1264 3816 et

252 3862 362 3929 minias
375 3884 394 3931 a
409 3862 580 3932 communi
595 3863 747 3953 opinione
762 3865 910 3934 recessit.
926 3866 1005 3935 Nam
1020 3866 1165 3956 primam
1181 3865 1263 3933 irra·
1345 3864 1348 3869 ’

252 3978 409 4047 tioaalem
423 3979 526 4048 animi
536 3986 678 4071 partem,
694 4002 794 4071 quam
803 3981 939 4054 tollebat
954 3982 1117 4068 Socrates,
1128 3980 1262 4072 proprio

284 4231 293 4264 ¹
307 4231 420 4294 aristot„
436 4234 498 4285 otor.
510 4197 546 4284 ccl
562 4221 707 4296 suumn,
721 4247 745 4284 v.
