2990 4918
282 506 345 558 smt
361 506 521 558 socntrtct
535 505 649 559 comm
664 507 790 558 nisinun
806 509 966 561 nnulrmun
982 511 1165 562 ARGUMENTA.
1202 511 1231 561 21

220 654 424 725 praeponens.
449 632 559 721 Neque
582 631 651 722 ipsa
667 632 802 701 libertas
828 635 918 703 aliud
941 644 991 706 est
1015 643 1114 727 atque
1137 639 1234 708 ratio·

220 750 270 818 nis
291 748 543 839 omnipotentie;
560 748 617 837 qui
638 751 813 817 veromale
832 760 946 840 agunt,
961 753 1083 842 optima
1102 775 1162 823 nee
1174 776 1232 823 no·

220 871 291 936 vere
307 870 368 935 neo
392 866 498 934 libere
511 864 646 954 exsequi
667 866 776 933 valent
799 894 866 932 :—
883 892 896 924 «
918 876 1030 953 Νομίζω
1045 871 1090 938 σῶν
1110 877 1173 949 τοὺς
1193 879 1232 957 μὴ

220 991 309 1074 ὀρθῶς
328 993 498 1074 πράττοντας
519 988 581 1051 οὔτε
602 989 701 1069 σοροὺς
724 987 786 1051 οὔτε
811 992 952 1073 σῶρρονας
970 986 1051 1057 εἶναι.
1075 1012 1150 1050 n—
1169 988 1231 1055 Vos

218 1101 317 1190 igitur
329 1101 530 1188 quicumque
544 1084 878 1187 improbos'homines
895 1101 1016 1190 putetis
1029 1109 1062 1169 et
1075 1102 1185 1170 doctos
1200 1110 1231 1171 et

213 1217 270 1287 'sui
296 1216 425 1286 arbitrii
456 1236 542 1315 esset
571 1215 605 1282 in
633 1215 761 1303 vulgari
793 1235 905 1284 errore
925 1217 1135 1285 versamini:
1168 1218 1231 1287 ista

219 1335 307 1404 enim
334 1356 408 1435 qpae
437 1332 567 1401 dieitur,
591 1331 741 1413 seientia,
760 1337 837 1400 vere
863 1332 1045 1422 ignorantia
1074 1341 1144 1415 est;
1169 1335 1230 1402 ista

220 1473 292 1541 quae
304 1451 425 1521 dieitur
441 1453 590 1536 libertas,
608 1453 749 1521 servitus
764 1459 828 1537 est,
844 1472 951 1539 neque
968 1451 1036 1518 ulio
1052 1453 1148 1519 modo
1170 1452 1232 1520 dif-

218 1567 302 1637 ferre
310 1575 452 1659 possunt
458 1568 608 1637 doctrina
618 1556 650 1637 ei
660 1560 776 1636 virtus.
788 1567 881 1663 Quod
891 1567 1001 1635 statim
1014 1566 1123 1656 adjicit
1132 1568 1231 1637 Xeno-

217 1684 329 1774 phon:
350 1725 391 1736 -
409 1711 426 1749 α
442 1683 516 1774 'Epo
535 1691 628 1754 δὲκαὶ
647 1693 697 1771 τὴν
712 1691 882 1767 δικαιοσύνην
900 1690 948 1751 οιαὶ
968 1690 1017 1767 τὴν
1034 1689 1128 1767 άλλην
1142 1697 1230 1752 πᾶσαν

218 1807 316 1889 ἀρετὴν
340 1808 435 1889 σοφίαν
462 1803 545 1870 εἶναι.
570 1802 614 1868 Τά
633 1830 664 1870 τε
689 1808 744 1888 γάρ
766 1807 858 1868 δίκαια
882 1806 930 1868 καὶ
953 1808 1043 1867 πάντα
1070 1808 1121 1867 ὅσα
1143 1806 1229 1890 ἀρετῇ

216 1924 363 2005 πράττεται
382 1922 461 1984 καλά
473 1946 505 1985 τε
520 1922 566 1986 οιαὶ
586 1922 679 2002 ἀγαθὰ
694 1917 776 1983 εἶναι·
792 1922 838 2007 οιαὶ
858 1915 913 1983 οὔτ’
930 1926 963 1983 ἂν
978 1922 1041 1994 τοὺς
1054 1925 1140 1984 ταῦτα
1157 1922 1230 1984 etot-

217 2061 266 2112 τας
277 2039 352 2101 ἄλλο
368 2038 427 2101 ἀντὶ
442 2036 545 2102 τούτων
558 2038 635 2101 οὐδὲν
650 2040 819 2121 προελέσθαι
834 2038 896 2101 οὔτε
909 2038 973 2112 τοὺς
986 2038 1026 2118 μὴ
1035 2038 1231 2115 ἐπισταμένους

217 2153 342 2217 δύνασθαι
365 2158 506 2237 πράττειν,
522 2155 600 2217 ἀλλὰ
622 2155 670 2217 οιαὶ
687 2156 735 2217 ἐὰν
754 2155 929 2238 ἐγχειρῶσιν,
952 2156 1129 2236 ἁμαρτάνειν.
1149 2155 1230 2217 Οὔπω

216 2268 262 2332 καὶ
282 2273 317 2332 τὰ
330 2273 408 2333 τιαλά
427 2293 458 2333 τε
476 2271 524 2333 καὶ
539 2271 632 2352 ἀγαθὰ
647 2273 711 2344 τοὺς
725 2273 775 2349 μὲν
790 2272 887 2353 σοροὺς
900 2274 1041 2353 πράττειν,
1056 2269 1119 2344 τοὺς
1136 2271 1168 2331 δὲ
1190 2270 1228 2349 μὴ

216 2386 311 2468 σοροὺς
329 2386 360 2448 οὐ
375 2387 516 2466 δύνασθαι,
531 2386 609 2447 ἀλλὰ
626 2387 672 2449 οιαὶ
688 2387 735 2448 ἐὰν
759 2387 931 2467 ἐγχειρῶσιν,
956 2387 1133 2467 ἁμαρτάνειν.
1152 2376 1230 2446 Ἐπεὶ

215 2498 260 2565 οὖν
276 2506 312 2566 τά
327 2525 358 2565 τε
375 2503 467 2565 δίκαια
484 2502 532 2563 οιαὶ
552 2504 587 2566 τά
606 2502 685 2564 ἄλλα
702 2504 781 2568 καλά
804 2525 835 2581 τε
858 2502 906 2563 καὶ
929 2501 1022 2582 ἀγαθά
1038 2502 1128 2569 πάντα
1142 2501 1228 2585 ἀρετῇ

215 2622 375 2703 πράττεται,
395 2619 483 2698 δῆλον
497 2614 579 2698 εἶναι,
595 2620 636 2679 ὅτι
656 2619 703 2680 οιαὶ
727 2619 746 2695 ἡ
769 2619 925 2694 δικαιοσύνη
947 2616 993 2677 καὶ
1013 2618 1044 2696 ip
1056 2617 1133 2694 άλλη
1154 2623 1229 2678 πᾶσα

214 2737 299 2819 ἀρετὴ
310 2736 390 2818 copto
404 2735 472 2797 ἐστι.
490 2753 507 2792 n
524 2766 566 2778 —
582 2727 646 2795 Nee
660 2730 806 2807 tantum„
817 2732 854 2794 ut
874 2724 1008 2814 quidem
1023 2724 1144 2792 Socrati
1158 2726 1227 2813 pla·
1250 2706 1254 2713 ¹

214 2853 277 2931 eet,
299 2846 386 2914 hona
420 2844 456 2912 in
485 2864 604 2933 genere
627 2844 790 2925 volumus,
820 2841 1003 2911 sedetiam
1034 2840 1226 2930 singillatim

213 2962 430 3053 praeierimus

257 3080 461 3169 Quapropter
476 3076 638 3160 Socrates,
663 3077 810 3166 quaesibi
833 3077 929 3167 objioi
952 3083 1099 3167 possent,
1115 3097 1152 3146 ea
1167 3097 1226 3146 no·
1279 3055 1285 3065 ’

212 3201 341 3264 veratet
354 3195 505 3264 refellere
516 3195 658 3274 solebet;
672 3193 963 3282 nequeohseuram
974 3196 1102 3261 tantum
1112 3191 1226 3261 oonfu-
1263 3231 1267 3237 ·
1349 3218 1360 3251 ι

215 3332 349 3399 samque
376 3311 415 3379 de
438 3311 541 3379 libero
562 3288 699 3380 arbitrio
721 3310 903 3396 notionem,
926 3311 983 3379 sed
1004 3309 1173 3378 distinctas
1195 3316 1227 3376 et

212 3428 395 3497 arctissime
408 3429 600 3516 conjunctas
617 3432 650 3493 et
668 3425 817 3494 instituto
832 3424 946 3493 ordine
962 3424 1159 3514 compositas
1172 3446 1226 3493 re·

213 3543 320 3612 tiones
344 3543 454 3611 animo
473 3542 617 3612 tenebat.
638 3543 725 3620 Quas
745 3541 781 3608 in
795 3536 885 3609 hune
910 3540 978 3609 fere
998 3542 1134 3610 modum
1149 3541 1224 3607 bre-

212 3661 295 3729 viter
308 3659 501 3728 contrahere
519 3665 552 3726 et
572 3677 769 3747 componere
789 3678 979 3746 possumus.

255 3779 409 3848 Homines
429 3777 615 3846 necessario
639 3776 818 3846 voluntatis
833 3775 979 3862 impulsu
1004 3773 1113 3853 adid,
1136 3773 1222 3862 quod

213 3894 426 3984 sibimetipsis
438 3894 601 3984 optimum
616 3913 688 3962 esse
704 3897 831 3982 putant,
848 3897 1006 3978 tanquam
1022 3889 1063 3956 ad
1077 3910 1224 3957 commu-

213 4034 288 4081 nem
306 4019 404 4102 atque
420 4011 612 4079 universum
628 4015 777 4077 actorum
792 4008 901 4087 finem,
918 4013 950 4075 et
963 4007 998 4075 in
1015 4026 1134 4094 genere
1144 4014 1176 4072 et
1188 4005 1223 4071 in
1308 4030 1313 4043 ι

214 4127 320 4217 specie
335 4128 492 4205 tendunt;
516 4126 600 4195 illud
620 4126 748 4222 volunt,¹
772 4122 856 4190 illud
874 4123 974 4192 variis
988 4121 1095 4191 modis
1110 4141 1222 4212 prose·

180 4298 186 4309 .
213 4250 382 4341 quuntur;
401 4265 439 4312 ex
452 4244 581 4311 duobus
595 4263 724 4331 semper
742 4240 804 4307 sibi
819 4239 955 4309 meliora
972 4239 1111 4327 eligunt.

1301 2840 1310 2870 1
