2990 4918
269 446 314 496 -to
594 442 735 495 emronls
751 442 867 494 merlis
883 440 977 495 utnon

164 620 174 627 -
287 573 395 641 detur.
412 572 492 650 Quis
504 575 579 641 vero
591 571 626 639 in
639 572 702 639 hoc
717 569 821 638 animi
837 556 935 654 statu,
951 591 1010 660 per
1024 592 1122 659 quem
1136 578 1248 668 θεωρία
1263 580 1298 643 et
1363 544 1366 555 ¹

284 701 390 791 Πρᾶξις
403 678 543 767 invicem
566 717 711 788 pugnare
732 696 871 786 ideoque
888 697 1021 766 mentiri
1042 697 1208 778 ridentur,
1223 719 1296 767 earn

283 823 391 914 ipsam
414 823 602 891 facultatem
630 842 698 890 non
721 827 890 911 agnoscat,
915 841 1015 911 quarn
1045 820 1188 890 liberum
1208 843 1299 891 nunc

285 948 461 1040 arbitrium
474 946 647 1016 vocamus?

329 1073 435 1151 Quare
447 1093 485 1141 ex
499 1071 671 1140 mendacio
688 1070 739 1153 ad
753 1069 895 1139 liberum
917 1069 1095 1157 arbitriumn
1105 1091 1214 1140 sermo
1231 1091 1299 1141 non

286 1200 437 1269 devenire
450 1220 515 1269 non
527 1204 666 1290 poterat.
678 1198 716 1267 Et
728 1196 765 1265 in
777 1197 886 1288 prima
906 1196 1041 1286 quidem
1055 1203 1147 1288 parte
1165 1197 1300 1267 demon·

288 1330 500 1422 stratumest
525 1326 619 1394 nulla
651 1345 691 1392 ex
711 1325 810 1393 causd
828 1322 917 1392 nasci
935 1317 1074 1390 liberum
1103 1323 1192 1425 istud
1205 1324 1299 1412 quod

204 1428 212 1439 ³
286 1458 433 1533 vocatur,
460 1472 497 1520 re
511 1456 623 1520 autem
639 1449 706 1540 ipsa
722 1468 867 1529 servum,
891 1444 1078 1533 arbitrium,
1093 1446 1159 1515 nisi
1178 1469 1219 1517 ex
1232 1469 1300 1517 arn-

287 1575 387 1665 higud
399 1556 563 1647 bonorum
581 1574 735 1664 opinione
748 1581 844 1665 atque
859 1573 1060 1664 imperfectis
1076 1573 1300 1644 doctrinarum

287 1701 477 1789 generibus,
494 1700 552 1770 uhi
562 1699 746 1790 ignorantia
759 1720 836 1767 cum
846 1698 978 1769 scientia
991 1699 1161 1780 miscetur,
1177 1700 1300 1768 nedum

284 1827 380 1916 ploro
400 1826 441 1894 ad
465 1847 560 1894 onom
588 1825 758 1894 dialectico
781 1824 898 1895 ordine
923 1821 1068 1895 redeant.
1096 1824 1165 1901 Qua
1189 1824 1232 1891 in·
1247 1846 1299 1893 re-

288 1950 385 2038 gione
399 1949 550 2038 sophistae
569 1954 602 2018 et
616 1948 818 2038 quicumque
831 1947 939 2016 verbis
951 1947 1116 2016 aut‘tactis
1132 1948 1301 2017 mentiun·
1348 1960 1353 1967 “
1486 1952 1487 1961 ’

287 2079 354 2154 tur,
377 2076 456 2143 vere
476 2073 574 2154 servi,
599 2092 665 2141 non
689 2072 801 2156 liberi,
823 2077 856 2140 et
878 2048 974 2161 quasi
988 2072 1024 2140 in
1039 2080 1134 2142 antro
1147 2073 1299 2162 revincti,

288 2197 402 2287 procul
414 2219 433 2267 a
447 2198 571 2267 summi
587 2197 665 2267 honi
679 2198 754 2267 luce
768 2200 889 2289 jacent.
916 2280 917 2285 Ἰ
940 2220 942 2229 ·
973 2171 980 2181 ’
1051 2282 1055 2296 Ι

267 2348 269 2352 ’
334 2323 470 2415 Sapiens
488 2325 565 2392 vero
582 2323 610 2392 is
633 2329 695 2407 est,
713 2323 852 2412 quinon
869 2322 949 2429 jam‘
962 2321 1026 2391 alia
1043 2322 1183 2413 cogitare
1199 2331 1232 2392 et
1249 2325 1298 2393 di·

288 2456 374 2537 cere,
395 2448 460 2519 alia
471 2430 571 2539 agere
584 2455 704 2540 potest,
718 2472 822 2542 quum
838 2464 969 2539 semper
982 2451 1062 2541 quid
1077 2450 1240 2541 optimum
1255 2447 1300 2520 sit

288 2574 462 2665 intelligat.
480 2575 516 2644 In
531 2575 587 2645 illo
606 2575 708 2665 igitur
725 2575 819 2665 quasi
842 2575 1000 2643 evanescit
1015 2575 1224 2659 sacultasilla
1238 2576 1297 2645 du·

287 2703 361 2793 pler
383 2709 416 2771 et
436 2723 567 2793 anceps,
587 2724 661 2792 quae
681 2702 718 2791 ip
741 2703 875 2770 incerto
891 2701 1069 2770 voluntatis
1086 2701 1222 2772 arbitrio
1237 2703 1298 2772 sita

286 2834 336 2896 cst
349 2852 356 2894 :
371 2827 434 2896 Deo
447 2828 535 2896 enim
550 2827 683 2906 similis,
700 2848 807 2895 unum
821 2825 946 2895 bonum
960 2826 1169 2914 cogitatione,
1185 2848 1298 2896 amore

287 2958 320 3022 et
331 2952 500 3021 voluntate
516 2934 758 3042 complectitur.
775 2951 847 3021 iiaec
863 2952 1034 3041 sapientia,
1058 2953 1127 3020 haec
1143 2951 1297 3036 felicitas,

285 3078 355 3145 haec
371 3076 518 3157 libertas,
537 3092 637 3166 quarn
651 3075 787 3145 nonnisi
801 3076 905 3144 inilia
921 3096 1005 3145 verae
1019 3075 1235 3168 philosophiae
1246 3074 1298 3144 r'e-

287 3202 381 3291 gione
396 3201 554 3287 invenies,
570 3199 628 3270 ubi
643 3221 812 3270 summum
830 3200 954 3269 bonum
969 3200 1049 3270 solis
1060 3202 1167 3305 instar
1186 3201 1297 3271 omnia

286 3318 361 3398 luce
376 3332 435 3397 sua
458 3302 638 3418 perfundit.

309 3448 388 3537 ¹illa
405 3444 529 3533 autern,
547 3474 621 3542 quae
633 3451 724 3521 Plato
744 3451 911 3535 disseruit,
935 3472 1011 3520 curn
1030 3452 1188 3523 socratica
1205 3452 1298 3523 insti·
1429 3514 1433 3527 .

287 3579 413 3648 tutione
440 3584 473 3648 et
499 3578 626 3647 ratione
657 3577 802 3646 maxime
825 3598 1006 3666 congmere
1032 3584 1132 3669 patet,
1158 3578 1299 3649 testibus

211 3704 215 3712 ’
285 3703 541 3793 Xenophonteet
554 3701 737 3771 Aristotele.
1229 3780 1231 3791 ,

330 3828 435 3916 Igitur
448 3828 576 3918 primus
587 3826 734 3896 Socrates
748 3806 894 3895 scientiae
907 3832 940 3895 et
950 3827 1126 3896 'voluntatis
1143 3819 1298 3897 naturam

288 3952 418 4043 penitus
432 3952 646 4043 introspexit3
663 3953 794 4043 primus
810 3950 845 4019 in
859 3950 962 4020 libero
975 3951 1111 4021 arbitrio
1133 3952 1216 4022 nihii
1231 3954 1296 4023 nisi

289 4099 420 4146 servum
441 4077 544 4160 ridit3
565 4079 693 4169 primus
714 4083 826 4148 contra
840 4097 1051 4163 communem
1071 4079 1112 4147 dc
1131 4079 1297 4148 voluntate

287 4201 476 4289 opinionem
489 4203 620 4272 fortiter
631 4202 806 4292 pugnavit3
830 4200 958 4292 primus
975 4203 1142 4273 neminem
1161 4223 1297 4294 peccare
