2990 4918
306 466 370 517 stul
385 462 547 517 socntrrcl
559 462 674 516 'contat
689 460 816 514 tracturi
831 462 991 515 intumult
1007 464 1191 516 tnduuuuta.
1223 463 1255 513 59

178 567 183 576 ’
237 597 336 685 ipat
358 620 374 657 o
400 629 445 642 -
459 590 552 672 Quod
572 591 621 660 sic
638 590 897 681 interpretamur
916 590 1043 660 :nihilo
1064 592 1183 660 melior
1205 614 1254 679 qe·

244 733 317 780 ocra
331 717 380 778 est
399 700 492 777 verus
507 710 607 779 homo
630 710 730 798 quarn
752 708 909 790 mendax;
931 688 1071 799 uterque
1087 709 1178 778 enim
1193 711 1256 779 sub

246 818 346 897 unam
363 825 586 895 definitionem
602 823 736 909 cadunt,
753 823 932 894 dummodo
947 826 988 894 ad
1003 847 1108 916 genus
1123 825 1256 896 univer·

246 944 312 1014 sale
326 947 465 1033 spectes,
480 942 515 1009 id
540 950 589 1021 est
604 942 787 1010 doctrinam
807 946 872 1031 qut
893 949 1033 1034 uterque
1046 943 1175 1024 valent;
1195 964 1257 1014 nec
1354 996 1355 999 ,

245 1061 310 1130 nisi
327 1083 386 1150 per
407 1061 550 1128 occidens
572 1059 659 1128 inter
684 1057 908 1140 sedifferunt,
926 1059 999 1129 ideo
1024 1060 1149 1138 scilicet
1169 1059 1256 1151 qudd

248 1198 335 1246 unus
346 1177 444 1260 hene,
459 1175 543 1245 alter
552 1175 640 1242 male
652 1174 767 1243 eadem
778 1173 1052 1245 doctrintutitur.
1065 1178 1170 1255 Quam
1180 1180 1257 1247 verd

245 1295 287 1364 ob
308 1314 444 1362 causam
466 1292 512 1359 ita
532 1292 619 1360 inter
640 1312 676 1360 se
697 1269 865 1370 differant,
882 1290 1030 1360 Socrates
1051 1293 1087 1360 in
1102 1293 1162 1361 illo
1185 1293 1256 1362 loco

245 1430 311 1478 non
330 1408 441 1493 statim
459 1407 638 1498 exprimit„
652 1406 713 1475 Sed
736 1412 847 1496 postea
866 1406 953 1475 nihil
975 1407 1087 1497 potius
1109 1410 1255 1496 habehit,

245 1528 345 1616 quam
361 1530 399 1593 ut
411 1545 523 1594 veram
537 1524 640 1612 hujus
658 1522 886 1613 discrepantiae
904 1523 1065 1592 rationem
1081 1524 1253 1614 significet.

240 1642 333 1711 Nunc
351 1648 464 1710 autem
480 1641 558 1730 jure
579 1639 747 1708 concludit
770 1660 837 1707 non
853 1640 965 1708 omnia
990 1640 1023 1707 in
1044 1641 1203 1711 mendace
1225 1649 1257 1711 et

240 1759 275 1827 in
291 1779 367 1827 vero
377 1756 512 1825 homine
524 1756 689 1825 contraria
700 1777 774 1825 esse
784 1757 848 1845 (οὐκ
856 1763 1040 1825 ἐναντιώτατα
1055 1757 1142 1845 ἔχει).
1155 1759 1256 1828 Dum-

240 1875 337 1943 modo
353 1874 443 1942 enim
464 1871 613 1941 attendas
631 1870 725 1940 adid
751 1871 861 1940 solum
880 1893 994 1943 rerum
1012 1894 1129 1963 genus,
1144 1873 1255 1961 singu-

239 1992 308 2061 lare
332 1990 482 2080 quidem,
508 2010 575 2080 quo
600 1989 724 2080 pollent
749 1991 803 2079 (ut
819 1988 1255 2089 arithmeticatutrumque

217 2174 222 2185 ,
239 2107 383 2177 invenies
397 2108 432 2175 in
450 2107 513 2176 hoc
533 2127 651 2195 genero
671 2106 827 2176 similiter
839 2113 1019 2198 potentem,
1035 2114 1068 2177 ct
1082 2108 1252 2196 scientem,

240 2230 271 2291 et
284 2225 421 2292 honum.
441 2221 533 2299 Qudd
549 2222 578 2291 si
592 2222 756 2292 contrarie
771 2230 880 2292 tamen
901 2230 1015 2313 agunt,
1036 2224 1121 2294 ratio
1136 2223 1172 2293 in
1188 2225 1253 2294 alio

238 2339 381 2427 quodam
395 2361 509 2409 rerum
524 2360 642 2427 genere
655 2340 792 2429 posthac
810 2340 1005 2430 reperietur.

283 2457 375 2533 Quod
391 2461 468 2526 vero
483 2455 524 2524 de
542 2455 746 2524 arithmetica
759 2454 842 2523 dixit
854 2456 1014 2540 Socrates,
1028 2456 1117 2526 idem
1132 2458 1254 2548 degeo-

171 2612 173 2616 *
238 2573 368 2654 metria,
397 2573 486 2641 idem
503 2571 545 2641 de
567 2572 781 2656 astronomia,
807 2570 847 2641 de
875 2573 1030 2642 omnihus
1053 2575 1141 2642 circa
1169 2596 1253 2664 quas
1309 2637 1311 2640 .
1342 2654 1345 2659 ,

236 2689 383 2778 sophista
409 2688 571 2778 gloriatur
590 2688 749 2756 doctrinis
774 2694 807 2757 et
827 2688 967 2757 artibus.
993 2676 1177 2779 Sophistam
1200 2692 1253 2760 de-

238 2806 343 2896 pingit
355 2806 459 2894 magis
471 2804 617 2894 qualibet
629 2811 699 2874 arte
710 2805 910 2873 instructum
930 2807 1030 2892 quarn
1048 2813 1182 2876 caeteros
1197 2807 1253 2876 ho·

238 2921 360 3007 mines;
386 2921 509 3011 quippe
539 2920 596 3010 qui
620 2919 816 3010 tragoedias·
840 2919 1095 3012 dithyrambicos
1121 2944 1250 3003 versus,
1298 2960 1302 2976 ·

162 3034 165 3039 ’
239 3038 346 3105 omnis
361 3037 491 3124 generis
517 3036 683 3105 orationes
708 3035 887 3126 scripserit,
911 3035 977 3109 imo
998 3039 1130 3128 propria
1150 3059 1251 3106 manu

239 3159 271 3221 et
281 3152 427 3222 tunicam
442 3159 582 3221 suamet
595 3151 757 3221 annulum
772 3159 805 3221 et
816 3153 942 3222 calceos
959 3161 992 3223 et
1007 3174 1084 3222 vasa
1100 3154 1251 3243 quaedam

238 3276 271 3336 et
291 3269 513 3337 instrumenta
534 3268 678 3337 finxerit.
696 3268 720 3335 0
738 3270 876 3358 prorsus
899 3268 1083 3337 mirandam
1098 3269 1252 3360 sophistae

238 3383 422 3467 scientiam,
449 3384 483 3451 in
502 3388 567 3473 qud
585 3383 670 3452 nihil
696 3392 746 3453 est
767 3384 857 3473 quod
877 3384 918 3453 ad
941 3385 1125 3475 pessimum
1151 3407 1251 3455 usum

238 3500 354 3570 diverti
368 3521 435 3569 non
449 3500 563 3569 minus
577 3484 676 3590 qddrn
687 3499 727 3567 ad
741 3501 902 3590 optimum
914 3502 1031 3588 queat!
1048 3502 1093 3570 lta
1108 3503 1252 3592 profecto

237 3618 391 3706 sehabet
414 3641 422 3684 :
447 3638 519 3686 rem
540 3617 677 3685 emnem
692 3617 829 3705 scibilem
848 3616 933 3685 scire
950 3618 1081 3686 videtur
1094 3617 1249 3708 Hippias3
1342 3613 1346 3619 ’

237 3755 337 3802 unam
362 3712 475 3802 tarnen
501 3734 644 3823 ignorat,
669 3732 832 3822 quomodd
859 3733 949 3800 omni
973 3755 1010 3801 re
1034 3735 1083 3801 uti
1111 3734 1249 3802 debeat:

237 3849 458 3919 instrumenta
483 3849 619 3940 quidem
638 3849 740 3930 norit,
764 3869 831 3916 non
859 3853 936 3918 vend
959 3848 1058 3918 finem
1084 3856 1117 3917 ct
1137 3871 1250 3918 usum.

116 3998 121 4005 ,
237 3964 332 4033 Nulla
357 3964 480 4054 igitur,
500 3965 536 4035 in
559 3986 601 4056 re
615 3965 798 4054 ambigua,
829 3965 913 4034 ratio
940 3973 993 4036 est
1022 3986 1082 4035 cur
1101 3965 1250 4056 Hippiam

269 4231 278 4264 ¹
295 4231 372 4296 Bipp.
388 4230 518 4301 ΜὶπψδθῚ
531 4247 554 4294 ο,
568 4233 594 4284 d.
