2990 4918
280 456 343 512 sno
359 460 521 513 socolnice
536 458 650 512 oonmu
664 458 792 513 oioouou
807 436 969 514 miramon
984 461 1167 515 oeconomo.
1200 465 1231 516 ss
1312 474 1323 503 ι

220 587 289 657 loco
301 587 480 668 restitnit¹‚
496 593 534 656 ut
556 608 623 656 non
637 588 706 677 jam
720 588 888 660 sufficeret
903 589 945 658 nd
962 588 1116 661 virtutem
1130 593 1228 674 ratio,

220 701 275 772 sed
290 704 427 772 habitus
447 703 580 793 quidam
590 704 709 773 mentis
720 683 834 775 etmos
850 705 1086 795 adjungeretur
1097 729 1162 797 quo
1174 730 1230 799 op-

215 823 328 908 petitur
350 826 383 889 et
403 823 526 887 animno
550 820 693 909 (ἐπιθυμία
714 826 761 889 καὶ
777 828 874 905 θυμός)
899 823 1020 891 rationi
1043 819 1231 894 constanter

217 936 377 1005 servirent
396 938 492 1025 (κατὰ
511 941 649 1025 sculptis
663 944 751 1022 λόγον
769 938 864 1026 ἕξιν).
878 938 943 1009 Nec
949 939 1019 1027 jam
1030 939 1136 1008 virtus
1145 941 1229 1011 ratio

217 1058 279 1137 est,
297 1053 356 1121 scd
369 1051 501 1143 habitus
517 1052 894 1134 secundumrationem;
915 1076 1021 1144 quum
1034 1061 1144 1124 nutem
1158 1055 1230 1124 fieri

217 1167 320 1257 possit
334 1175 372 1237 ut
387 1167 465 1258 quis
479 1168 663 1238 secundum
677 1167 838 1238 rationem
855 1190 922 1238 non
935 1171 1043 1240 sciens
1058 1179 1145 1259 egat,
1159 1172 1231 1240 Ari·

216 1284 324 1354 stoteli
346 1285 454 1375 placet
470 1285 627 1354 virtutem
650 1285 800 1354 hobitum
815 1306 888 1354 esse
901 1308 979 1354 curn
1005 1287 1132 1358 ratione
1152 1310 1230 1358 coo-

211 1399 361 1488 junctum
379 1402 462 1489 (pert
482 1402 598 1495 λόγου).
619 1400 774 1471 Secundo
790 1406 913 1488 autem,
938 1400 1087 1473 restituta
1112 1405 1229 1473 morali

215 1517 317 1587 animi
341 1524 446 1608 parte,
462 1517 553 1588 Plato
574 1540 640 1587 non
659 1519 729 1608 jam
754 1501 889 1588 omnino
919 1518 1042 1588 Socrati
1069 1520 1230 1589 assentire

214 1639 350 1723 poterat,
369 1634 423 1704 cui
442 1634 567 1725 placuit
580 1655 696 1704 omnes
710 1634 744 1703 id
758 1655 855 1723 agere
867 1636 955 1723 quod
974 1635 1139 1725 optimum
1154 1643 1229 1706 ectu

214 1770 284 1820 esse
303 1756 360 1819 aut
373 1754 484 1830 seiont,
505 1751 681 1824 autetiam
705 1754 881 1842 opinentur.
904 1751 993 1820 Plato
1008 1751 1043 1820 in
1065 1752 1129 1847 hoc
1155 1754 1228 1842 qui-

120 1884 127 1895 ·
213 1865 286 1934 dem
305 1868 503 1956 magistrum
517 1874 651 1943 secutus
667 1873 729 1948 est,
745 1868 832 1957 qnod
849 1866 1110 1958 omnipotentem
1120 1874 1152 1937 et
1168 1890 1229 1959 per

213 2003 247 2050 se
267 1984 384 2074 optimi
405 1983 570 2054 efficacem
587 2003 659 2054 esse
679 2004 791 2052 veram
812 1983 928 2076 optimi
941 1982 1122 2053 ⁴scientiam
1142 1985 1229 2054 arhi-

212 2105 374 2181 traretur3
391 2100 427 2169 in
444 2102 506 2170 hoc
518 2104 625 2171 veroa
642 2099 775 2172 Socrate
791 2100 954 2183 discessit,
969 2099 1056 2191 qood
1070 2100 1229 2171 concede·
1264 2102 1267 2109 '
1298 2194 1301 2201 ι

211 2222 261 2285 ret
275 2236 294 2283 a
309 2215 422 2285 moltis
437 2216 627 2287 hominihus
645 2238 712 2287 oon
727 2216 965 2287 eanecessarit
980 2216 1136 2315 preferri,
1153 2238 1228 2306 quae

212 2332 348 2401 meliora
373 2354 444 2402 esse
464 2335 652 2425 opinemur.
679 2333 757 2403 Pars
784 2333 874 2401 enim
897 2331 1000 2400 animi
1022 2331 1227 2401 irrationalis

214 2456 355 2538 (eminete
377 2455 426 2519 καὶ
445 2451 544 2540 θυμός)
561 2449 708 2519 scientiae
735 2448 870 2538 quidem
891 2448 985 2518 nullo
1005 2450 1116 2531 modo,
1132 2454 1230 2518 rectae

212 2574 321 2636 autem
338 2566 487 2657 opinioni
502 2566 667 2635 adversari
684 2571 803 2655 potest.
830 2563 1025 2633 Gravissima
1041 2568 1157 2634 'tamen
1173 2566 1229 2633 illa

212 2683 378 2752 socraticae
393 2683 577 2775 disciplinae
596 2681 757 2752 correctio
773 2701 887 2750 omnes
903 2680 1046 2750 Platonis
1063 2701 1230 2749 commen·

212 2804 337 2870 totores
359 2801 527 2892 praeteriit,
556 2796 747 2890 quanquam
767 2804 800 2868 et
822 2796 994 2866 Aristotele
1016 2803 1099 2866 teste
1115 2796 1230 2866 certis-

214 2915 298 2984 sima
316 2923 378 3003 est,
400 2924 433 2987 et
449 2916 491 2985 ab
513 2916 585 3008 ipso
603 2916 735 2985 Platone
765 2914 800 2984 in
827 2913 913 2982 libro
926 2914 973 2982 De
996 2913 1111 3001 lepino
1138 2912 1229 2981 adhi-

214 3031 325 3113 betur;
347 3033 406 3102 ubi
432 3033 574 3123 legimus
604 3033 752 3101 animum
767 3031 852 3099 nihil
866 3051 962 3121 agere
976 3038 1093 3099 contra
1106 3036 1157 3112 τὴν
1169 3037 1230 3098 ἐπι-

213 3159 319 3235 στήμην
336 3149 385 3238 (id
406 3157 457 3218 est
474 3149 659 3218 absolutam
674 3154 708 3218 et
720 3149 909 3218 universam
923 3147 1007 3245 loni
1031 3144 1227 3234 scientiam),

214 3266 271 3333 sed
289 3266 394 3333 mulla
410 3286 506 3353 agere
520 3272 634 3359 contra
647 3272 697 3346 τὰς
709 3272 862 3352 ἐπιστήμας
877 3270 909 3333 et
925 3262 1022 3354 plura
1036 3262 1136 3334 etiam
1151 3282 1229 3330 con·

213 3389 262 3476 tra
277 3390 327 3462 τὰς
342 3383 426 3464 δόξας
437 3383 460 3448 ².
632 3452 634 3457 ,
676 3391 679 3397 ’

256 3498 295 3566 Et
306 3500 389 3588 jam,
405 3498 462 3587 qui
478 3498 630 3568 Minorem
644 3498 792 3588 Hippiam
805 3497 890 3566 bene
903 3495 1139 3585 interpretatus
1148 3515 1229 3562 enu-

215 3614 356 3683 cleatum
384 3592 550 3698 hahuerit,
573 3615 813 3685 correctionem
829 3614 921 3682 illam
950 3610 1121 3680 Socration
1135 3608 1230 3677 insti·

214 3730 365 3824 tutionis,
397 3731 492 3820 qnasi
519 3737 744 3823 praeparatum,
765 3736 800 3798 et
826 3729 1082 3820 praenuntiatam
1110 3747 1129 3794 a
1157 3724 1228 3793 Pla·

215 3852 305 3927 tone,
325 3848 572 3939 deprehendere
589 3847 721 3938 poterit.
737 3846 884 3935 Namque
899 3844 934 3912 in
948 3844 1055 3933 prima
1066 3841 1228 3913 sermonis

215 3973 307 4053 parte
321 3964 362 4033 de
376 3963 477 4033 uariis
488 3963 700 4055 opinionibus
710 3971 740 4033 et
754 3958 935 4051 disciplinis
951 3958 1059 4051 agitur
1077 3960 1117 4047 (αἱ
1137 3960 1226 4037 δόξαι,

248 4159 259 4193 ⁴
273 4159 332 4209 Etis.
344 4157 409 4220 Nic„
422 4158 462 4220 Vl,
476 4173 527 4220 xm,
540 4158 611 4210 illl.

246 4239 258 4270 ³
274 4237 385 4301 Aristot,
400 4240 458 4291 nto.
474 4238 536 4303 nic..
546 4239 583 4301 vi,
594 4255 644 4290 xnr.
