2990 4918
239 515 301 566 stus
316 514 477 566 socnfflct
492 513 607 565 CONTRA
624 512 751 563 tlssssaun
765 514 927 565 lllBll'ltlllll
943 512 1124 565 landunum.
1156 511 1185 562 dl
1261 466 1271 483 ·

221 641 312 709 lllam
334 643 412 708 vero
431 639 655 708 inductionem
673 640 766 707 nullo
791 639 889 708 modo
912 639 949 707 iu
971 638 1188 726 Metophgsicis

178 755 383 844 redarguisse
396 755 491 823 nohis
502 754 631 823 videtur
645 755 843 824 Aristoteles.

214 870 343 961 ‘Hippiae
356 871 454 940 etiarn
473 871 592 939 alludit
614 870 805 943 Aristoteles
828 870 864 938 in
888 872 950 938 hoc
970 869 1083 939 Eratos
1099 870 1189 940 Nico-

177 988 306 1055 mocheae
325 986 409 1065 loco,
438 987 496 1055 ubi
519 987 715 1076 quaestiones
738 993 771 1054 et
798 972 1019 1055 dubitationes
1043 992 1190 1055 recenset

178 1124 250 1191 quae
261 1108 374 1171 eontra
390 1101 529 1170 liberam
544 1108 577 1170 et
590 1102 808 1171 voluntariam
823 1101 1096 1173 incontinentiam
1105 1102 1189 1171 verti
1294 1142 1298 1151 ·

179 1223 326 1307 possunt.
336 1255 379 1269 -
391 1245 408 1281 u
423 1216 486 1284 Ἔτι
503 1224 518 1284 ὁ
535 1228 574 1302 τῷ
583 1227 728 1286 πεπεῖσθαι
743 1226 869 1306 πράττων
886 1224 933 1286 καὶ
950 1225 1056 1285 διώκων
1068 1226 1103 1285 τὰ
1119 1224 1191 1303 ἡδέα
1227 1260 1231 1267 ·

177 1340 223 1400 καὶ
237 1341 466 1422 προαιρούμενος,
480 1339 598 1415 βελτίων
615 1344 648 1401 ἂν
661 1335 764 1414 δόξειεν
776 1335 846 1402 εἶναι
862 1343 910 1400 τοῦ
929 1339 969 1418 μὴ
981 1340 1026 1401 διὰ
1041 1341 1188 1420 λογισμόν,

179 1456 256 1516 ἀλλὰ
274 1448 465 1537 δι’ἀνρασίαν·
482 1454 655 1537 soractense
667 1456 722 1537 γὰρ
740 1457 784 1517 διὰ
798 1455 834 1545 τὸ,
845 1455 1058 1532 μεταπεισθῆναι
1078 1458 1110 1516 ἂν
1131 1448 1159 1536 {s
1175 1448 1209 1498 -’

179 1564 276 1633 cilius
285 1564 374 1633 enim
387 1563 498 1633 sanari
513 1570 635 1652 posset,
653 1564 832 1632 dummodd
847 1564 887 1631 de
901 1548 1062 1631 sententia
1077 1563 1189 1631 demo-

177 1680 350 1769 vereturl¹.
381 1705 398 1744 v
422 1719 464 1729 -
487 1679 544 1747 llio
571 1683 689 1748 rursds
715 1679 892 1748 secundam
915 1679 1039 1768 Hippiae
1062 1686 1201 1777 partem¹

176 1816 353 1886 agnoscere
376 1802 436 1864 est.
461 1795 497 1863 ln
521 1795 647 1864 caeteris
668 1800 756 1876 vero,
779 1816 853 1884 quae
875 1795 1064 1865 Aristoteles
1083 1795 1186 1880 addit,
1267 1888 1270 1891 Ι

178 1904 290 1980 omnes
302 1910 396 1980 dubii
411 1912 535 1980 haesere
545 1911 750 2001 interpretes.
764 1911 864 1981 Nobis
876 1918 984 1981 autem
998 1912 1187 1980 Aristoteles

178 2027 213 2095 id
224 2026 408 2116 exprimere
420 2026 563 2111 videtur,
583 2029 747 2118 quomodo
761 2028 908 2096 Socrates
921 2034 954 2095 et
967 2028 1055 2095 Plato
1071 2027 1189 2096 falsam

178 2144 270 2213 illam
290 2142 468 2213 voluntarii
482 2143 554 2212 vitii
570 2143 788 2238 hypothesim,
804 2166 904 2234 quam
923 2144 1017 2234 quasi
1038 2145 1099 2212 sub
1117 2144 1190 2212 vin·
1208 2167 1212 2174 ’

179 2259 274 2328 diciis
299 2260 513 2339 admiserant,
539 2262 580 2329 ad
600 2261 783 2330 absurdum
809 2263 1016 2331 reducerent.
1046 2259 1188 2341 Etenim,

181 2377 343 2465 fingamus
370 2397 430 2468 per
458 2377 662 2470 hypothesim
689 2374 781 2463 eum,
808 2376 865 2465 qui
891 2377 1014 2467 optima
1037 2396 1190 2465 persuasa

181 2492 307 2574 habeat,
324 2493 486 2561 contraria
509 2498 620 2561 tamen
636 2492 743 2582 reipsh
764 2513 880 2581 agere;
906 2493 968 2590 hoo
985 2491 1102 2581 posito,
1120 2492 1190 2581 jam

182 2608 299 2676 melior
320 2608 377 2676 ille
403 2608 533 2677 videtur
558 2611 657 2696 quam
679 2607 738 2697 qui
758 2607 881 2676 invitus
904 2608 984 2695 agit,
1013 2607 1191 2675 dummodd
1233 2686 1238 2695 .

182 2725 417 2812 persuadeatur
434 2730 471 2791 ut
493 2724 578 2792 hene
593 2703 784 2813 agat.Quod
803 2722 875 2791 fieri
899 2722 1103 2791 absurdum:
1122 2722 1191 2811 Jam

182 2840 270 2938 enim
300 2840 376 2926 iste,
400 2861 499 2929 quem
527 2860 643 2908 sanare
668 2839 830 2922 volumus,
855 2839 935 2928 quid
954 2839 1116 2930 optimum
1135 2839 1189 2921 sit,

182 2957 279 3045 plant
292 2955 461 3044 cognitum
474 2962 506 3024 et
519 2977 717 3047 persuasum
735 2955 852 3037 habet;
866 2957 954 3044 qudd
972 2954 1000 3024 si
1013 2955 1131 3025 vitium
1147 2962 1194 3022 ta-

185 3094 259 3141 men
281 3072 396 3141 intima
413 3072 471 3140 illa
490 3073 662 3163 persuasio
677 3078 709 3141 et
728 3072 858 3140 virtutis
874 3072 1015 3162 cognitio
1030 3070 1191 3162 genuerit,

184 3194 324 3276 quanm
347 3188 383 3255 in
399 3189 571 3279 superiore
595 3188 729 3257 scientia
748 3194 783 3257 et
805 3189 990 3276 cognitione
1009 3186 1193 3263 remedium

185 3304 414 3374 inveniemus?
427 3303 520 3386 Nam,
538 3311 575 3373 ut
589 3305 833 3394 comparatione
852 3310 1000 3384 utamur,
1017 3326 1117 3394 quem
1137 3304 1195 3371 ali-

186 3420 259 3510 quis
274 3420 370 3491 cibus
391 3426 455 3488 aut
465 3421 554 3512 potio
574 3421 725 3506 suffocat,
747 3421 778 3489 is
797 3441 916 3511 aquam
938 3418 1081 3488 bibendo
1099 3440 1212 3488 sana.

186 3541 260 3617 tur;
276 3535 347 3620 sed,
370 3534 399 3603 si
418 3535 487 3625 ipsa
501 3558 586 3626 aqua
601 3536 713 3605 fauces
731 3535 952 3620 suffocaverit,
970 3535 1048 3624 quid
1070 3535 1133 3604 erit
1146 3534 1195 3603 bi-

186 3650 357 3721 bendum?
381 3650 440 3720 Sic.
460 3674 543 3742 quos
566 3653 683 3722 vitium
708 3651 859 3735 suffocat,
882 3673 938 3745 eos
960 3650 1099 3720 scientia
1117 3651 1195 3720 boui

186 3788 362 3844 sanamus;
386 3769 457 3852 sed,
472 3770 500 3837 si
522 3790 622 3859 quem
637 3770 708 3859 ipsa
727 3767 805 3837 boui
823 3768 958 3838 scientia
975 3767 1195 3854 suffocaverit,

188 3889 226 3953 ut
241 3883 405 3953 bonorum
421 3885 530 3956 sciens
553 3886 639 3954 mala
653 3885 776 3975 agendo
788 3884 949 3974 praeferat,
966 3883 1127 3973 quomodo
1148 3905 1198 3952 sa-

188 3998 342 4067 nabitur?
357 3999 414 4068 Est
436 4001 537 4089 igitur
555 4000 689 4069 scientia
706 4000 856 4088 quaedam
871 3999 988 4069 ultima
1003 4005 1035 4066 et
1048 3997 1197 4068 domina·

220 4271 229 4305 ¹
243 4273 302 4325 ru.
317 4274 419 4340 ream,
433 4276 484 4339 vu,
496 4276 522 4329 s.
