2990 4918
476 1269 922 1383 xrnoouuruu

250 1898 337 1967 Nihil
369 1899 441 1968 fere
478 1900 513 1968 in
556 1899 700 1971 Platonis
732 1901 872 1990 dialogis
905 1903 1093 1989 obscurius,
1126 1905 1223 1973 modd

206 2015 427 2084 Parmenidem
455 2036 623 2107 excerpas,
647 2003 748 2109 quam
776 2017 855 2106 quid
879 2017 935 2086 ille
961 2019 1028 2087 sihi·
1052 2020 1087 2088 in
1110 2021 1223 2109 llippa'd

206 2132 326 2209 Minore
353 2132 587 2203 illustrandum
616 2155 653 2202 ac
677 2133 971 2202 demonstrandum
1000 2137 1220 2226 proposuerit.

208 2249 317 2319 Primo
334 2250 425 2319 enim
439 2250 596 2339 adspectu
612 2272 651 2322 ea
672 2257 722 2319 est
735 2251 835 2325 totius
858 2250 1022 2321 sermonis
1044 2253 1221 2333 subtilitas,

207 2386 253 2436 eae
274 2367 309 2435 in
332 2366 531 2458 disputando
551 2367 784 2450 cavillationes,
815 2368 839 2436 ii
863 2368 1147 2458 captiuncularum
1176 2371 1222 2439 la-

16 2458 17 2521 i
92 2514 122 2565 „⁴
206 2483 295 2572 quei,
312 2491 351 2553 ut
370 2484 523 2575 sophistae
541 2504 714 2575 personam
733 2484 882 2554 Socrates
906 2485 1223 2578 induisse,4Hippias

207 2607 317 2670 autem
341 2601 532 2693 deposuisse
551 2602 714 2671 uideatur.
737 2601 827 2671 Unde
847 2602 983 2691 plurimi
1010 2603 1220 2695 interpretes,

206 2723 244 2786 ut
256 2718 322 2808 ipsi
336 2717 470 2809 quidem
485 2719 642 2807 latentur,
664 2717 809 2810 primum
832 2718 868 2786 in
886 2717 1024 2807 legendo
1046 2719 1222 2810 obstupue-

206 2842 298 2918 runt,
315 2833 436 2903 deinde
454 2834 512 2904 alii
526 2833 568 2902 ad
583 2834 649 2905 alia
661 2833 906 2905 commentandi
923 2833 1128 2916 diverticula,
1147 2837 1222 2904 sub-

206 2948 310 3019 tiliter
324 2949 365 3018 de
376 2970 413 3018 re
425 2949 539 3018 subtili
552 2949 772 3041 disputantes,
787 2951 1006 3040 confugerunt
1021 2975 1028 3034 ;
1046 2958 1084 3019 ut
1104 2973 1222 3040 magna

208 3064 350 3156 denique
367 3066 495 3136 eireum
515 3068 605 3136 hune
618 3067 767 3141 libellum
784 3075 893 3137 coorta
918 3069 961 3136 sit
980 3068 1151 3137 doctorum
1166 3069 1224 3137 ho-

208 3182 338 3250 minum
356 3181 531 3251 dissensio.
547 3181 628 3250 Hinc
639 3187 715 3251 verd
728 3183 860 3272 gravius
873 3183 1032 3274 quiddam
1047 3183 1222 3270 quaestioni

208 3298 345 3383 accedit,
353 3299 441 3389 quod
456 3297 572 3368 eadem
587 3298 729 3396 Socratis
745 3305 952 3388 argumenta,
972 3304 1004 3368 et
1023 3297 1110 3388 apud
1120 3299 1223 3368 Xeno-

107 3408 112 3433 '
208 3417 364 3505 phontem
384 3416 562 3506 proposita,
581 3421 613 3484 et
635 3415 723 3505 apud
737 3415 958 3501 Aristotelem,
981 3422 1051 3483 tum
1078 3415 1112 3482 in
1129 3415 1225 3484 Meta-

207 3533 344 3623 plpsicis
370 3530 546 3621 diligenter
568 3532 724 3612 refutata,
752 3539 822 3600 tum
850 3535 967 3600 rursus
990 3531 1027 3600 in
1055 3532 1224 3601 litoralibus

208 3654 376 3716 momento
401 3668 462 3717 suo
480 3650 670 3737 ponderata,
692 3648 889 3717 invenimus.
910 3646 1019 3724 Quum
1043 3645 1144 3736 igitur
1163 3645 1223 3714 tri·

16 3780 17 3793 ¹
208 3762 283 3852 plex
303 3763 338 3832 in
367 3768 434 3834 unt
454 3786 490 3834 re
517 3764 602 3834 adsit
626 3764 817 3851 auctoritas,
838 3762 914 3853 quis
939 3762 1084 3855 prudens
1110 3782 1224 3830 rerum

196 3879 473 3953 aestimatorum
496 3870 658 3971 intelliget
676 3878 803 3970 aliquid
826 3879 861 3947 in
884 3880 948 3947 hoe
972 3876 1101 3965 dialogo
1124 3876 1225 3945 latere

210 3996 407 4067 historicum
423 4003 456 4067 et
468 4001 546 4067 vere
560 3995 772 4081 socraticum
797 3995 885 4085 quod
899 3995 940 4064 ad
959 3992 1100 4063 Socratis
1122 3991 1226 4082 ipsius

211 4113 354 4184 rationes
370 4116 584 4186 illustrandas
602 4114 747 4183 multum
766 4114 935 4182 conterat?
951 4111 1063 4200 Neque
1080 4108 1160 4179 adeo
1177 4115 1224 4178 at-

209 4231 308 4300 toniti
326 4233 499 4303 haesissent
509 4232 716 4322 interpretes,
730 4230 795 4299 nisi
809 4230 889 4298 salsa
907 4230 1057 4320 prorsus,
1078 4231 1116 4294 ut
1130 4224 1226 4293 nohis
1289 4254 1293 4267 ν

526 4336 528 4339 ,
1086 4339 1101 4392 ¹
1197 4372 1199 4375 ι
