2990 4918
202 584 206 591 ,
247 532 279 583 m
475 504 480 517 '
561 534 700 585 neironis
716 534 833 588 nuens
849 536 941 588 umor

251 658 288 725 in
306 658 431 728 mundo
449 658 572 748 pariter
588 659 630 727 ad
654 661 743 729 hunc
761 683 954 749 supremum
980 663 1080 732 finem
1098 665 1257 745 tendunt;

253 780 318 863 qud
334 780 410 844 vero
427 774 507 865 quid
524 776 660 866 propius
675 775 716 844 ad
737 798 907 846 summum
923 779 1048 846 honum
1070 779 1207 864 accedit,
1224 787 1261 849 ed
1358 780 1362 803 ‘

255 892 405 961 altiorem
429 891 575 985 gradum
590 892 624 961 in
649 892 821 962 dialectici
841 915 1002 983 generum
1022 902 1054 964 et
1077 899 1261 988 specierum

255 1008 339 1075 serie
358 1011 525 1096 occupate
550 1009 648 1077 Totus
667 1009 769 1097 igitur
787 1010 842 1079 hic
856 1011 1002 1080 mundus
1022 1011 1140 1081 dirinae
1154 1017 1264 1104 cujus·

253 1113 328 1182 dam
343 1114 530 1184 dialectices
543 1137 626 1205 opus
643 1138 715 1186 esse
733 1118 874 1216 videtur,
891 1139 964 1209 quae
975 1113 1152 1188 resordine
1166 1127 1198 1188 et
1212 1142 1264 1188 ra-

255 1230 344 1298 tione
363 1231 518 1320 disponit,
545 1232 586 1300 ad
609 1255 710 1302 snum
732 1254 882 1322 quasque
905 1233 1004 1302 finem
1024 1234 1262 1314 accommodat,

255 1366 315 1435 per
331 1326 452 1433 genera
467 1346 647 1427 distribuit,
664 1353 696 1415 et
705 1348 869 1439 optimum
877 1348 1052 1439 quidquid,
1064 1356 1136 1419 tum
1147 1351 1265 1448 cogita·

251 1461 357 1546 tione,
380 1467 454 1530 tum
471 1464 611 1551 actione,
636 1464 787 1552 sequitur
806 1472 839 1534 et
860 1464 1085 1555 consequitur.

299 1577 355 1644 Vir
380 1578 487 1647 bonus
519 1586 576 1648 aut
596 1583 671 1648 vere
691 1580 881 1651 dialecticus
907 1581 1017 1671 (ambo
1043 1582 1133 1649 enirn
1158 1603 1265 1652 unum

257 1696 362 1786 sunt),
380 1718 485 1786 quum
500 1694 692 1766 disserendo
705 1720 852 1787 perierem
866 1707 896 1766 et
911 1701 1083 1788 specierum
1102 1699 1265 1783 ordinem,
1304 1744 1312 1759 .

258 1822 330 1881 tum
353 1812 455 1881 simul
472 1812 598 1901 agendo
620 1835 784 1882 cuasarum
803 1814 944 1902 finalium
969 1814 1091 1902 gradus
1115 1823 1146 1883 et
1172 1817 1267 1906 quasi

186 2003 190 2012 ,
257 1929 419 1997 honorum
430 1950 551 2017 genera
567 1930 783 2019 ordinemque
798 1929 1051 2010 servaredebet;
1068 1931 1159 2000 itaut
1172 1931 1268 1999 malis

256 2044 430 2129 abstineut,
447 2044 571 2133 optima
585 2064 715 2134 semper
730 2046 893 2133 praeierat,
920 2047 1032 2116 omnia
1058 2048 1201 2136 deniqne
1226 2048 1267 2114 ad

258 2161 413 2229 eumdem
430 2158 543 2239 linem,
565 2179 732 2226 summum
745 2159 872 2228 scilicet
884 2161 1021 2239 bonum,
1043 2162 1180 2241 ratione,
1196 2183 1268 2229 ora·

257 2276 346 2345 tione
357 2286 388 2346 el
408 2275 536 2344 actione
550 2280 717 2343 convertat
728 2278 752 2365 ².4
773 2274 825 2343 Sic
839 2275 928 2342 enim
943 2275 1053 2343 omnia
1064 2276 1100 2344 in
1119 2277 1267 2363 homine,

259 2392 355 2482 quasi
374 2392 407 2458 in
428 2390 552 2458 mundo
573 2396 672 2478 atque
691 2390 726 2458 in
743 2389 858 2458 mnndi
874 2389 988 2478 opifice
1002 2391 1076 2480 Deo,
1098 2391 1139 2460 ad
1162 2414 1268 2461 unum

259 2528 494 2597 summumque
518 2507 642 2577 bonurn
668 2507 890 2587 reducuntur;
919 2507 986 2576 imd
1017 2512 1092 2576 rerd
1124 2511 1268 2579 humanu

260 2631 340 2693 tunc
353 2622 463 2692 omnia
477 2631 510 2693 et
524 2623 692 2691 mundana
708 2631 740 2692 et
754 2623 864 2692 divina
879 2631 1076 2723 congruunt.

305 2742 413 2819 Quum
427 2745 504 2811 vero
527 2740 576 2810 sic
595 2740 635 2808 ad
651 2740 737 2808 idern
762 2741 897 2809 redeant
918 2747 951 2809 et
976 2742 1146 2810 rationalis
1170 2742 1269 2810 disci-

261 2859 352 2949 plina
367 2863 399 2926 et
411 2857 558 2938 moralis,
573 2856 656 2923 nilril
666 2851 735 2943 jam
750 2855 839 2924 inter
850 2857 1010 2924 rationem
1023 2863 1055 2924 et
1070 2840 1270 2926 voluntatem

264 2975 394 3043 videtur
409 2974 582 3041 interesse.
598 2971 692 3049 ,Quod
702 2991 741 3038 ex
755 2993 793 3039 eo
808 2971 1052 3039 Memorabilium
1067 2973 1137 3041 loco
1149 2974 1275 3064 perspi-

265 3113 365 3159 cuum
380 3096 441 3171 est,
456 3088 513 3157 ubi
523 3089 593 3177 jam
608 3086 779 3155 rationalia
794 3087 973 3155 etmoralia
981 3086 1148 3158 dialectici
1157 3089 1214 3157 ille
1224 3090 1276 3159 vid
1326 3122 1328 3127 ·

266 3207 525 3286 confunduntur,
542 3226 643 3294 quum
666 3205 785 3271 rursus
808 3203 842 3270 in
861 3202 975 3292 Hippia
996 3203 1216 3296 reperiemus.
1232 3245 1275 3256 -

269 3348 285 3386 ιι
303 3328 372 3391 Εἰπέ
387 3350 446 3407 μοι,
464 3329 528 3410 ἔφη,
545 3324 738 3404 ὦΕὐθὺδημε,
755 3327 834 3387 ποῖόν
852 3346 877 3388 τι
896 3326 1016 3403 νομίζεις
1033 3326 1168 3389 εὐοέάειοιν
1186 3322 1275 3406 cirum

266 3551 320 3606 λοὺς
332 3566 358 3598 τε
371 3547 496 3610 κάγαθοὺς·
510 3547 551 3596 διὰ
562 3553 609 3614 γάρ
618 3552 659 3600 τὴν
674 3545 758 3609 ἀρετὴν
779 3546 900 3613 αἱροῦνται
917 3548 960 3607 μὲν
974 3544 1028 3594 άνευ
1050 3548 1125 3596 πόνου
1141 3552 1172 3594 τὰ
1193 3549 1279 3614 μδτρια

268 3633 392 3685 κατῆσθαι
407 3630 520 3691 pilioni
535 3628 575 3676 διά
586 3630 694 3690 ’πολέμου
703 3629 797 3674 πάντων
810 3627 931 3694 κυριεύειν·
1027 3624 1030 3631 ’

299 3707 308 3739 ¹
321 3707 403 3765 Mem,
418 3707 455 3765 lv,
470 3719 511 3762 ur:
527 3706 547 3765 1,
562 3721 595 3755 rr.

299 3786 406 3846 ’Mern.,
426 3786 463 3845 lv,
483 3801 506 3835 v.
527 3785 631 3850 r'Epprp
644 3791 685 3836 κοιλ
702 3787 763 3851 λόγῳ
781 3787 932 3848 διαλέγοντας
946 3791 1007 3835 κατά
1022 3791 1077 3847 γένη
1097 3790 1184 3847 τὰμὲν
1204 3786 1282 3848 εἰγαθὰ

270 3873 444 3934 προαιρεῖσθαι,
461 3877 508 3918 τῶν
528 3869 553 3917 δὲ
572 3876 647 3917 κακῶν
660 3868 798 3930 ἀπέχεσθαι.
824 3881 837 3914 ε
858 3872 907 3916 Καὶ
927 3863 998 3924 οὕτως
1020 3866 1064 3929 ε’φη
1079 3867 1187 3933 ἀρίστους
1201 3882 1227 3915 τε
1241 3870 1283 3914 καλ

271 3950 493 4013 εὐδαιμονεστάτους
504 3948 589 4011 ἄνδρας
598 3946 721 4009 γίγνεσθαι
730 3951 770 3995 καὶ
785 3947 930 4009 διαλέγεσθαι
940 3948 1123 4000 δυνατωτάτους.
1134 3947 1195 4009 Ἔφη
1206 3943 1231 3993 δί
1241 3949 1282 3993 και

272 4039 300 4082 τὸ
309 4033 499 4094 διαλέγεσθαι
508 4029 665 4092 ὀνομασθῆναι
674 4026 699 4075 ἐκ
709 4031 751 4077 τοῦ
763 4030 881 4084 συνιόντας
894 4037 958 4097 κοινῇ
969 4028 1121 4097 portatore:
1135 4024 1283 4086 διαλέγοντας

272 4117 334 4163 κατὰ
346 4116 400 4173 γε’νη
414 4115 445 4159 τά
457 4114 596 4176 πράγματα.
609 4115 663 4156 Δεῖν
676 4103 715 4157 οὖν
728 4108 854 4173 πειρᾶσθαι
868 4107 905 4158 ὅτι
925 4110 1030 4168 μάλιστα
1047 4113 1104 4170 πρὸς
1117 4111 1187 4156 τοῦτο
1201 4107 1283 4156 ἑαυτὸν

273 4197 365 4256 irarum
379 4196 573 4257 παρασκευάζειν,
584 4195 624 4238 και
640 4192 724 4239 τούτου
735 4191 839 4251 μάλιστα
855 4188 1023 4250 ὀπιμελεῖσθαι·
1039 4189 1064 4236 ἐκ
1075 4191 1161 4237 τούτου
1181 4191 1228 4253 γάρ
1244 4192 1284 4247 γε’·

273 4276 368 4340 γνεσδαι
385 4272 471 4336 ἄνδρας
480 4272 589 4340 ἀρίστους
600 4275 677 4320 τεκαὶ
689 4272 905 4333 ἡγεμονικωτάτους
915 4276 956 4321 κοιλ
967 4271 1195 4325 διαλεκτικωτάτους.
