<?xml version="1.0" encoding="UTF-8"?>
<!DOCTYPE html PUBLIC "-//W3C//DTD XHTML 1.0 Transitional//EN"
    "http://www.w3.org/TR/xhtml1/DTD/xhtml1-transitional.dtd">
<html xmlns="http://www.w3.org/1999/xhtml" xml:lang="en" lang="en">
 <head>
  <title>
</title>
<meta http-equiv="Content-Type" content="text/html;charset=utf-8" />
  <meta name='ocr-system' content='tesseract 3.04.00' />
  <meta name='ocr-capabilities' content='ocr_page ocr_carea ocr_par ocr_line ocrx_word'/>
</head>
<body>
  <div class='ocr_page' id='page_1' title='image "./platonishippias00fouigoog_0068.png"; bbox 0 0 2990 4918; ppageno 0'>
   <div class='ocr_carea' id='block_1_1' title="bbox 252 433 943 488">
    <p class='ocr_par' dir='ltr' id='par_1_1' title="bbox 252 433 943 488">
     <span class='ocr_line' id='line_1_1' title="bbox 252 433 943 488; baseline 0.009 -6"><span class='ocrx_word' id='word_1_1' title='bbox 252 433 286 483; x_wconf 77' lang='lat'>56</span> <span class='ocrx_word' id='word_1_2' title='bbox 565 437 704 487; x_wconf 70' lang='lat' dir='ltr'>petrolus</span> <span class='ocrx_word' id='word_1_3' title='bbox 721 436 836 487; x_wconf 76' lang='lat' dir='ltr'>lllPl’th</span> <span class='ocrx_word' id='word_1_4' title='bbox 852 437 943 488; x_wconf 80' lang='lat' dir='ltr'>tttttott</span> 
     </span>
    </p>
   </div>
   <div class='ocr_carea' id='block_1_2' title="bbox 170 558 1374 4248">
    <p class='ocr_par' dir='ltr' id='par_1_2' title="bbox 170 558 1295 2632">
     <span class='ocr_line' id='line_1_2' title="bbox 255 558 1261 654; baseline -0.001 -21"><span class='ocrx_word' id='word_1_5' title='bbox 255 571 284 633; x_wconf 80' lang='grc' dir='ltr'>αἱ</span> <span class='ocrx_word' id='word_1_6' title='bbox 302 567 473 654; x_wconf 66' lang='grc' dir='ltr'>ἐπιστῆμαι),</span> <span class='ocrx_word' id='word_1_7' title='bbox 489 563 612 654; x_wconf 91' lang='lat' dir='ltr'>quihus</span> <span class='ocrx_word' id='word_1_8' title='bbox 630 558 726 633; x_wconf 71' lang='lat' dir='ltr'>inest&#39;</span> <span class='ocrx_word' id='word_1_9' title='bbox 737 564 862 654; x_wconf 88' lang='lat' dir='ltr'>aliquid</span> <span class='ocrx_word' id='word_1_10' title='bbox 883 563 1054 654; x_wconf 81' lang='lat' dir='ltr'>multiplex</span> <span class='ocrx_word' id='word_1_11' title='bbox 1081 569 1114 632; x_wconf 89' lang='lat' dir='ltr'>et</span> <span class='ocrx_word' id='word_1_12' title='bbox 1131 583 1261 654; x_wconf 85' lang='lat' dir='ltr'>anceps.</span> 
     </span>
     <span class='ocr_line' id='line_1_3' title="bbox 254 679 1266 771; baseline 0.002 -24"><span class='ocrx_word' id='word_1_13' title='bbox 254 681 320 750; x_wconf 84' lang='lat' dir='ltr'>Illae</span> <span class='ocrx_word' id='word_1_14' title='bbox 333 685 408 750; x_wconf 79' lang='lat' dir='ltr'>verb</span> <span class='ocrx_word' id='word_1_15' title='bbox 420 680 591 770; x_wconf 84' lang='lat' dir='ltr'><strong>opiniones</strong></span> <span class='ocrx_word' id='word_1_16' title='bbox 606 687 639 750; x_wconf 88' lang='lat' dir='ltr'>et</span> <span class='ocrx_word' id='word_1_17' title='bbox 652 680 836 771; x_wconf 70' lang='lat' dir='ltr'>disciplinae</span> <span class='ocrx_word' id='word_1_18' title='bbox 849 700 915 749; x_wconf 91' lang='lat' dir='ltr'>non</span> <span class='ocrx_word' id='word_1_19' title='bbox 931 679 1011 748; x_wconf 82' lang='lat' dir='ltr'>oded</span> <span class='ocrx_word' id='word_1_20' title='bbox 1025 679 1266 768; x_wconf 80' lang='lat' dir='ltr'>omnipotentes</span> 
     </span>
     <span class='ocr_line' id='line_1_4' title="bbox 170 774 1267 886; baseline -0.002 -21"><span class='ocrx_word' id='word_1_21' title='bbox 170 876 174 881; x_wconf 15' lang='lat'><strong>⁴</strong></span> <span class='ocrx_word' id='word_1_22' title='bbox 256 805 345 885; x_wconf 89' lang='lat' dir='ltr'>sunt,</span> <span class='ocrx_word' id='word_1_23' title='bbox 361 802 399 864; x_wconf 88' lang='lat' dir='ltr'>ut</span> <span class='ocrx_word' id='word_1_24' title='bbox 412 796 597 866; x_wconf 72' lang='lat' dir='ltr'>necessarie</span> <span class='ocrx_word' id='word_1_25' title='bbox 608 804 735 886; x_wconf 90' lang='lat' dir='ltr'>partem</span> <span class='ocrx_word' id='word_1_26' title='bbox 747 797 838 865; x_wconf 92' lang='lat' dir='ltr'>illam</span> <span class='ocrx_word' id='word_1_27' title='bbox 852 796 920 865; x_wconf 89' lang='lat' dir='ltr'>veri</span> <span class='ocrx_word' id='word_1_28' title='bbox 940 804 970 864; x_wconf 88' lang='lat' dir='ltr'>et</span> <span class='ocrx_word' id='word_1_29' title='bbox 984 795 1074 880; x_wconf 88' lang='lat' dir='ltr'>boni,</span> <span class='ocrx_word' id='word_1_30' title='bbox 1092 817 1193 885; x_wconf 90' lang='lat' dir='ltr'>quam</span> <span class='ocrx_word' id='word_1_31' title='bbox 1207 774 1267 863; x_wconf 89' lang='lat' dir='ltr'>no-</span> 
     </span>
     <span class='ocr_line' id='line_1_5' title="bbox 256 911 1267 1002; baseline 0 -22"><span class='ocrx_word' id='word_1_32' title='bbox 256 913 344 980; x_wconf 87' lang='lat' dir='ltr'>tione</span> <span class='ocrx_word' id='word_1_33' title='bbox 360 918 483 997; x_wconf 88' lang='lat' dir='ltr'>tenent‚</span> <span class='ocrx_word' id='word_1_34' title='bbox 501 933 565 981; x_wconf 92' lang='lat' dir='ltr'>usu</span> <span class='ocrx_word' id='word_1_35' title='bbox 579 919 743 1002; x_wconf 75' lang='lat' dir='ltr'>prestent.</span> <span class='ocrx_word' id='word_1_36' title='bbox 758 913 857 1002; x_wconf 84' lang='lat' dir='ltr'>Cujus</span> <span class='ocrx_word' id='word_1_37' title='bbox 876 912 1012 1002; x_wconf 91' lang='lat' dir='ltr'>quidem</span> <span class='ocrx_word' id='word_1_38' title='bbox 1026 911 1172 1001; x_wconf 84' lang='lat' dir='ltr'>exempla</span> <span class='ocrx_word' id='word_1_39' title='bbox 1190 919 1267 980; x_wconf 87' lang='lat' dir='ltr'>suut</span> 
     </span>
     <span class='ocr_line' id='line_1_6' title="bbox 258 1026 1267 1119; baseline 0 -23"><span class='ocrx_word' id='word_1_40' title='bbox 258 1028 424 1118; x_wconf 75' lang='lat' dir='ltr'>sophistae,</span> <span class='ocrx_word' id='word_1_41' title='bbox 443 1026 499 1118; x_wconf 91' lang='lat' dir='ltr'>qui</span> <span class='ocrx_word' id='word_1_42' title='bbox 516 1029 623 1097; x_wconf 89' lang='lat' dir='ltr'>varias</span> <span class='ocrx_word' id='word_1_43' title='bbox 643 1027 846 1119; x_wconf 85' lang='lat' dir='ltr'>disciplinas,</span> <span class='ocrx_word' id='word_1_44' title='bbox 864 1027 902 1098; x_wconf 90' lang='lat' dir='ltr'>ut</span> <span class='ocrx_word' id='word_1_45' title='bbox 916 1027 1170 1112; x_wconf 79' lang='lat' dir='ltr'>arithmeticam,</span> <span class='ocrx_word' id='word_1_46' title='bbox 1190 1048 1267 1115; x_wconf 84' lang='lat' dir='ltr'>geo-</span> 
     </span>
     <span class='ocr_line' id='line_1_7' title="bbox 257 1143 1266 1234; baseline -0.001 -23"><span class='ocrx_word' id='word_1_47' title='bbox 257 1143 422 1230; x_wconf 86' lang='lat' dir='ltr'>metriam,</span> <span class='ocrx_word' id='word_1_48' title='bbox 437 1144 647 1226; x_wconf 84' lang='lat' dir='ltr'>rhetoricam,</span> <span class='ocrx_word' id='word_1_49' title='bbox 664 1153 742 1229; x_wconf 86' lang='lat' dir='ltr'>etc,</span> <span class='ocrx_word' id='word_1_50' title='bbox 759 1165 777 1212; x_wconf 95' lang='lat' dir='ltr'>a</span> <span class='ocrx_word' id='word_1_51' title='bbox 793 1164 870 1213; x_wconf 86' lang='lat' dir='ltr'>vero</span> <span class='ocrx_word' id='word_1_52' title='bbox 884 1144 1034 1234; x_wconf 92' lang='lat' dir='ltr'>bonoque</span> <span class='ocrx_word' id='word_1_53' title='bbox 1047 1165 1111 1213; x_wconf 91' lang='lat' dir='ltr'>usu</span> <span class='ocrx_word' id='word_1_54' title='bbox 1125 1145 1160 1211; x_wconf 90' lang='lat' dir='ltr'>in</span> <span class='ocrx_word' id='word_1_55' title='bbox 1173 1163 1266 1211; x_wconf 90' lang='lat' dir='ltr'>men-</span> 
     </span>
     <span class='ocr_line' id='line_1_8' title="bbox 256 1259 1266 1353; baseline -0.002 -25"><span class='ocrx_word' id='word_1_56' title='bbox 256 1260 371 1328; x_wconf 91' lang='lat' dir='ltr'>dacem</span> <span class='ocrx_word' id='word_1_57' title='bbox 390 1259 620 1351; x_wconf 88' lang='lat' dir='ltr'>injustumque</span> <span class='ocrx_word' id='word_1_58' title='bbox 638 1282 738 1330; x_wconf 90' lang='lat' dir='ltr'>usum</span> <span class='ocrx_word' id='word_1_59' title='bbox 756 1266 884 1330; x_wconf 78' lang='lat' dir='ltr'>vertere</span> <span class='ocrx_word' id='word_1_60' title='bbox 899 1266 1048 1353; x_wconf 88' lang='lat' dir='ltr'>possunt.</span> <span class='ocrx_word' id='word_1_61' title='bbox 1070 1261 1106 1329; x_wconf 89' lang='lat' dir='ltr'>ln</span> <span class='ocrx_word' id='word_1_62' title='bbox 1125 1259 1266 1329; x_wconf 80' lang='lat' dir='ltr'>secuudt</span> 
     </span>
     <span class='ocr_line' id='line_1_9' title="bbox 257 1374 1266 1467; baseline 0 -24"><span class='ocrx_word' id='word_1_63' title='bbox 257 1382 368 1444; x_wconf 87' lang='lat' dir='ltr'>autern</span> <span class='ocrx_word' id='word_1_64' title='bbox 386 1384 478 1466; x_wconf 82' lang='lat' dir='ltr'>parte</span> <span class='ocrx_word' id='word_1_65' title='bbox 491 1377 734 1446; x_wconf 85' lang='lat' dir='ltr'>demonstratur</span> <span class='ocrx_word' id='word_1_66' title='bbox 752 1375 867 1467; x_wconf 89' lang='lat' dir='ltr'>optimi</span> <span class='ocrx_word' id='word_1_67' title='bbox 891 1376 1059 1447; x_wconf 89' lang='lat' dir='ltr'>scientiam</span> <span class='ocrx_word' id='word_1_68' title='bbox 1075 1374 1266 1446; x_wconf 61' lang='lat' dir='ltr'>&#39;necessarie</span> 
     </span>
     <span class='ocr_line' id='line_1_10' title="bbox 256 1492 1267 1585; baseline -0.002 -24"><span class='ocrx_word' id='word_1_69' title='bbox 256 1492 373 1584; x_wconf 91' lang='lat' dir='ltr'>optimi</span> <span class='ocrx_word' id='word_1_70' title='bbox 395 1493 593 1563; x_wconf 78' lang='lat' dir='ltr'>effectricem</span> <span class='ocrx_word' id='word_1_71' title='bbox 609 1514 692 1564; x_wconf 87' lang='lat' dir='ltr'>esse.</span> <span class='ocrx_word' id='word_1_72' title='bbox 717 1493 842 1576; x_wconf 86' lang='lat' dir='ltr'>Quibus</span> <span class='ocrx_word' id='word_1_73' title='bbox 865 1493 911 1563; x_wconf 92' lang='lat' dir='ltr'>ita</span> <span class='ocrx_word' id='word_1_74' title='bbox 928 1493 1044 1585; x_wconf 90' lang='lat' dir='ltr'>positis</span> <span class='ocrx_word' id='word_1_75' title='bbox 1058 1500 1120 1562; x_wconf 87' lang='lat' dir='ltr'>eta</span> <span class='ocrx_word' id='word_1_76' title='bbox 1134 1493 1267 1562; x_wconf 87' lang='lat' dir='ltr'>Socrate</span> 
     </span>
     <span class='ocr_line' id='line_1_11' title="bbox 217 1608 1268 1701; baseline -0.002 -24"><span class='ocrx_word' id='word_1_77' title='bbox 217 1686 219 1693; x_wconf 14' lang='lat' dir='ltr'>y</span> <span class='ocrx_word' id='word_1_78' title='bbox 257 1616 289 1677; x_wconf 91' lang='lat' dir='ltr'>et</span> <span class='ocrx_word' id='word_1_79' title='bbox 303 1631 321 1676; x_wconf 88' lang='lat' dir='ltr'>a</span> <span class='ocrx_word' id='word_1_80' title='bbox 334 1609 477 1690; x_wconf 87' lang='lat' dir='ltr'>Platone,</span> <span class='ocrx_word' id='word_1_81' title='bbox 495 1609 593 1680; x_wconf 88' lang='lat' dir='ltr'>tertia</span> <span class='ocrx_word' id='word_1_82' title='bbox 610 1608 681 1699; x_wconf 87' lang='lat' dir='ltr'>jam</span> <span class='ocrx_word' id='word_1_83' title='bbox 706 1609 843 1699; x_wconf 87' lang='lat' dir='ltr'>quaestio</span> <span class='ocrx_word' id='word_1_84' title='bbox 869 1610 1069 1701; x_wconf 84' lang='lat' dir='ltr'>supervenit,</span> <span class='ocrx_word' id='word_1_85' title='bbox 1093 1630 1192 1699; x_wconf 90' lang='lat' dir='ltr'>quam</span> <span class='ocrx_word' id='word_1_86' title='bbox 1212 1608 1268 1676; x_wconf 86' lang='lat' dir='ltr'>So-</span> 
     </span>
     <span class='ocr_line' id='line_1_12' title="bbox 258 1726 1269 1817; baseline -0.001 -24"><span class='ocrx_word' id='word_1_87' title='bbox 258 1733 363 1794; x_wconf 87' lang='lat' dir='ltr'>crates</span> <span class='ocrx_word' id='word_1_88' title='bbox 377 1727 590 1817; x_wconf 81' lang='lat' dir='ltr'>neglexerat:</span> <span class='ocrx_word' id='word_1_89' title='bbox 610 1726 749 1812; x_wconf 89' lang='lat' dir='ltr'>scilicet,</span> <span class='ocrx_word' id='word_1_90' title='bbox 765 1734 802 1795; x_wconf 90' lang='lat' dir='ltr'>ut</span> <span class='ocrx_word' id='word_1_91' title='bbox 817 1727 853 1794; x_wconf 92' lang='lat' dir='ltr'>in</span> <span class='ocrx_word' id='word_1_92' title='bbox 868 1727 967 1795; x_wconf 81' lang='lat' dir='ltr'>variis</span> <span class='ocrx_word' id='word_1_93' title='bbox 980 1728 1105 1796; x_wconf 91' lang='lat' dir='ltr'>artibus</span> <span class='ocrx_word' id='word_1_94' title='bbox 1125 1734 1157 1795; x_wconf 91' lang='lat' dir='ltr'>et</span> <span class='ocrx_word' id='word_1_95' title='bbox 1172 1726 1269 1794; x_wconf 90' lang='lat' dir='ltr'>disci-</span> 
     </span>
     <span class='ocr_line' id='line_1_13' title="bbox 259 1840 1269 1934; baseline 0.002 -26"><span class='ocrx_word' id='word_1_96' title='bbox 259 1840 358 1932; x_wconf 88' lang='lat' dir='ltr'>plinis</span> <span class='ocrx_word' id='word_1_97' title='bbox 372 1845 437 1910; x_wconf 83' lang='lat' dir='ltr'>ceri</span> <span class='ocrx_word' id='word_1_98' title='bbox 462 1842 574 1933; x_wconf 92' lang='lat' dir='ltr'>opinio</span> <span class='ocrx_word' id='word_1_99' title='bbox 597 1862 715 1934; x_wconf 88' lang='lat' dir='ltr'>anceps</span> <span class='ocrx_word' id='word_1_100' title='bbox 734 1864 798 1912; x_wconf 91' lang='lat' dir='ltr'>usu</span> <span class='ocrx_word' id='word_1_101' title='bbox 822 1851 881 1922; x_wconf 85' lang='lat' dir='ltr'>est,</span> <span class='ocrx_word' id='word_1_102' title='bbox 899 1864 1007 1911; x_wconf 90' lang='lat' dir='ltr'>nonne</span> <span class='ocrx_word' id='word_1_103' title='bbox 1029 1842 1144 1911; x_wconf 91' lang='lat' dir='ltr'>eodem</span> <span class='ocrx_word' id='word_1_104' title='bbox 1169 1841 1269 1910; x_wconf 92' lang='lat' dir='ltr'>modo</span> 
     </span>
     <span class='ocr_line' id='line_1_14' title="bbox 258 1957 1270 2057; baseline 0.001 -34"><span class='ocrx_word' id='word_1_105' title='bbox 258 1978 379 2047; x_wconf 89' lang='lat' dir='ltr'>anceps</span> <span class='ocrx_word' id='word_1_106' title='bbox 399 1957 462 2025; x_wconf 90' lang='lat' dir='ltr'>erit</span> <span class='ocrx_word' id='word_1_107' title='bbox 477 1959 548 2026; x_wconf 82' lang='lat' dir='ltr'>honi</span> <span class='ocrx_word' id='word_1_108' title='bbox 559 1958 691 2047; x_wconf 75' lang='lat' dir='ltr'>opinio?</span> <span class='ocrx_word' id='word_1_109' title='bbox 711 1958 856 2057; x_wconf 81' lang='lat' dir='ltr'>Quodde</span> <span class='ocrx_word' id='word_1_110' title='bbox 869 1958 1018 2027; x_wconf 90' lang='lat' dir='ltr'>numeris</span> <span class='ocrx_word' id='word_1_111' title='bbox 1034 1963 1067 2027; x_wconf 90' lang='lat' dir='ltr'>et</span> <span class='ocrx_word' id='word_1_112' title='bbox 1081 1957 1270 2044; x_wconf 87' lang='lat' dir='ltr'>tigurisaut</span> 
     </span>
     <span class='ocr_line' id='line_1_15' title="bbox 260 2071 1271 2163; baseline -0.002 -22"><span class='ocrx_word' id='word_1_113' title='bbox 260 2072 300 2141; x_wconf 91' lang='lat' dir='ltr'>de</span> <span class='ocrx_word' id='word_1_114' title='bbox 315 2094 416 2142; x_wconf 88' lang='lat' dir='ltr'>cursu</span> <span class='ocrx_word' id='word_1_115' title='bbox 437 2078 495 2140; x_wconf 89' lang='lat' dir='ltr'>aut</span> <span class='ocrx_word' id='word_1_116' title='bbox 515 2074 555 2141; x_wconf 94' lang='lat' dir='ltr'>de</span> <span class='ocrx_word' id='word_1_117' title='bbox 584 2073 756 2142; x_wconf 88' lang='lat' dir='ltr'>saltatione</span> <span class='ocrx_word' id='word_1_118' title='bbox 779 2074 981 2163; x_wconf 77' lang='lat' dir='ltr'>dictumest,</span> <span class='ocrx_word' id='word_1_119' title='bbox 1001 2095 1108 2143; x_wconf 90' lang='lat' dir='ltr'>nonne</span> <span class='ocrx_word' id='word_1_120' title='bbox 1128 2072 1214 2142; x_wconf 90' lang='lat' dir='ltr'>idem</span> <span class='ocrx_word' id='word_1_121' title='bbox 1229 2071 1271 2140; x_wconf 87' lang='lat' dir='ltr'>de</span> 
     </span>
     <span class='ocr_line' id='line_1_16' title="bbox 260 2187 1270 2291; baseline -0.003 -34"><span class='ocrx_word' id='word_1_122' title='bbox 260 2189 345 2257; x_wconf 93' lang='lat' dir='ltr'>hono</span> <span class='ocrx_word' id='word_1_123' title='bbox 359 2187 424 2291; x_wconf 81' lang='lat' dir='ltr'>dici</span> <span class='ocrx_word' id='word_1_124' title='bbox 435 2188 575 2280; x_wconf 77' lang='lat' dir='ltr'>poterit?</span> <span class='ocrx_word' id='word_1_125' title='bbox 597 2228 638 2241; x_wconf 91' lang='lat'>-—</span> <span class='ocrx_word' id='word_1_126' title='bbox 654 2188 723 2257; x_wconf 90' lang='lat' dir='ltr'>Nou</span> <span class='ocrx_word' id='word_1_127' title='bbox 737 2190 826 2258; x_wconf 88' lang='lat' dir='ltr'>idern</span> <span class='ocrx_word' id='word_1_128' title='bbox 844 2193 933 2271; x_wconf 77' lang='lat' dir='ltr'>sane,</span> <span class='ocrx_word' id='word_1_129' title='bbox 949 2190 978 2259; x_wconf 93' lang='lat' dir='ltr'>si</span> <span class='ocrx_word' id='word_1_130' title='bbox 995 2190 1036 2258; x_wconf 92' lang='lat' dir='ltr'>de</span> <span class='ocrx_word' id='word_1_131' title='bbox 1048 2191 1179 2257; x_wconf 72' lang='lat' dir='ltr'>scientie</span> <span class='ocrx_word' id='word_1_132' title='bbox 1191 2187 1270 2257; x_wconf 94' lang='lat' dir='ltr'>honi</span> 
     </span>
     <span class='ocr_line' id='line_1_17' title="bbox 260 2291 1271 2395; baseline 0 -23"><span class='ocrx_word' id='word_1_133' title='bbox 260 2305 453 2394; x_wconf 86' lang='lat' dir='ltr'>agitur.·Sed</span> <span class='ocrx_word' id='word_1_134' title='bbox 468 2305 547 2391; x_wconf 92' lang='lat' dir='ltr'>quid</span> <span class='ocrx_word' id='word_1_135' title='bbox 562 2305 603 2374; x_wconf 91' lang='lat' dir='ltr'>de</span> <span class='ocrx_word' id='word_1_136' title='bbox 621 2291 797 2395; x_wconf 83' lang='lat' dir='ltr'>opinione‘.&gt;</span> <span class='ocrx_word' id='word_1_137' title='bbox 807 2346 852 2356; x_wconf 91' lang='lat'><strong>—</strong></span> <span class='ocrx_word' id='word_1_138' title='bbox 868 2306 1049 2375; x_wconf 86' lang='lat' dir='ltr'>Verisimile</span> <span class='ocrx_word' id='word_1_139' title='bbox 1063 2313 1132 2374; x_wconf 90' lang='lat' dir='ltr'>erat</span> <span class='ocrx_word' id='word_1_140' title='bbox 1147 2305 1219 2374; x_wconf 83' lang='lat' dir='ltr'>lore</span> <span class='ocrx_word' id='word_1_141' title='bbox 1232 2310 1271 2373; x_wconf 91' lang='lat' dir='ltr'>ut</span> 
     </span>
     <span class='ocr_line' id='line_1_18' title="bbox 260 2416 1270 2514; baseline 0 -26"><span class='ocrx_word' id='word_1_142' title='bbox 260 2420 349 2489; x_wconf 89' lang='lat' dir='ltr'>Plato</span> <span class='ocrx_word' id='word_1_143' title='bbox 365 2422 478 2489; x_wconf 90' lang='lat' dir='ltr'>eadem</span> <span class='ocrx_word' id='word_1_144' title='bbox 492 2442 511 2490; x_wconf 90' lang='lat' dir='ltr'>a</span> <span class='ocrx_word' id='word_1_145' title='bbox 528 2422 654 2491; x_wconf 85' lang='lat' dir='ltr'>caeteris</span> <span class='ocrx_word' id='word_1_146' title='bbox 666 2423 858 2514; x_wconf 90' lang='lat' dir='ltr'>opinionum</span> <span class='ocrx_word' id='word_1_147' title='bbox 873 2416 1047 2512; x_wconf 86' lang='lat' dir='ltr'>generibus</span> <span class='ocrx_word' id='word_1_148' title='bbox 1057 2422 1098 2491; x_wconf 91' lang='lat' dir='ltr'>ad</span> <span class='ocrx_word' id='word_1_149' title='bbox 1108 2422 1270 2491; x_wconf 91' lang='lat' dir='ltr'>bonorum</span> 
     </span>
     <span class='ocr_line' id='line_1_19' title="bbox 261 2536 1295 2632; baseline 0.001 -29"><span class='ocrx_word' id='word_1_150' title='bbox 261 2536 451 2628; x_wconf 91' lang='lat' dir='ltr'>opinionem</span> <span class='ocrx_word' id='word_1_151' title='bbox 460 2540 872 2632; x_wconf 84' lang='lat' dir='ltr'>transferret.Quapropter</span> <span class='ocrx_word' id='word_1_152' title='bbox 880 2538 1001 2630; x_wconf 84' lang='lat' dir='ltr'>duplex</span> <span class='ocrx_word' id='word_1_153' title='bbox 1010 2539 1073 2608; x_wconf 88' lang='lat' dir='ltr'>iste</span> <span class='ocrx_word' id='word_1_154' title='bbox 1082 2559 1162 2611; x_wconf 90' lang='lat' dir='ltr'>usus</span> <span class='ocrx_word' id='word_1_155' title='bbox 1174 2545 1271 2625; x_wconf 89' lang='lat' dir='ltr'>atque</span> <span class='ocrx_word' id='word_1_156' title='bbox 1287 2568 1295 2579; x_wconf 43' lang='grc' dir='ltr'><em>ν</em></span> 
     </span>
    </p>

    <p class='ocr_par' dir='ltr' id='par_1_3' title="bbox 188 2642 1374 4248">
     <span class='ocr_line' id='line_1_20' title="bbox 260 2642 1270 2746; baseline 0 -26"><span class='ocrx_word' id='word_1_157' title='bbox 260 2653 322 2721; x_wconf 90' lang='lat' dir='ltr'>ista</span> <span class='ocrx_word' id='word_1_158' title='bbox 344 2659 515 2742; x_wconf 73' lang='grc' dir='ltr'>ἀμφιλογία,</span> <span class='ocrx_word' id='word_1_159' title='bbox 539 2642 628 2724; x_wconf 90' lang='lat' dir='ltr'>unde</span> <span class='ocrx_word' id='word_1_160' title='bbox 652 2655 688 2723; x_wconf 88' lang='lat' dir='ltr'>in</span> <span class='ocrx_word' id='word_1_161' title='bbox 708 2656 814 2729; x_wconf 85' lang='lat' dir='ltr'>varias</span> <span class='ocrx_word' id='word_1_162' title='bbox 845 2654 1036 2746; x_wconf 90' lang='lat' dir='ltr'>disciplinas</span> <span class='ocrx_word' id='word_1_163' title='bbox 1062 2653 1270 2723; x_wconf 88' lang='lat' dir='ltr'>mendacium</span> 
     </span>
     <span class='ocr_line' id='line_1_21' title="bbox 219 2756 1326 2860; baseline 0.002 -26"><span class='ocrx_word' id='word_1_164' title='bbox 219 2756 221 2759; x_wconf 61' lang='grc'><strong>’</strong></span> <span class='ocrx_word' id='word_1_165' title='bbox 260 2768 386 2858; x_wconf 86' lang='lat' dir='ltr'>prolabi</span> <span class='ocrx_word' id='word_1_166' title='bbox 401 2776 521 2860; x_wconf 88' lang='lat' dir='ltr'>potest,</span> <span class='ocrx_word' id='word_1_167' title='bbox 550 2771 648 2838; x_wconf 89' lang='lat' dir='ltr'>etiam</span> <span class='ocrx_word' id='word_1_168' title='bbox 670 2773 706 2838; x_wconf 91' lang='lat' dir='ltr'>in</span> <span class='ocrx_word' id='word_1_169' title='bbox 719 2772 877 2840; x_wconf 87' lang='lat' dir='ltr'>moralem</span> <span class='ocrx_word' id='word_1_170' title='bbox 894 2758 1213 2841; x_wconf 81' lang='lat' dir='ltr'>institutioncmsese</span> <span class='ocrx_word' id='word_1_171' title='bbox 1224 2769 1274 2836; x_wconf 91' lang='lat' dir='ltr'>in·</span> <span class='ocrx_word' id='word_1_172' title='bbox 1321 2778 1326 2794; x_wconf 82' lang='lat'><strong><em>⁴</em></strong></span> 
     </span>
     <span class='ocr_line' id='line_1_22' title="bbox 262 2884 1276 2983; baseline 0.001 -32"><span class='ocrx_word' id='word_1_173' title='bbox 262 2884 383 2963; x_wconf 85' lang='lat' dir='ltr'>sinuat,</span> <span class='ocrx_word' id='word_1_174' title='bbox 401 2885 560 2973; x_wconf 90' lang='lat' dir='ltr'>quamdiu</span> <span class='ocrx_word' id='word_1_175' title='bbox 575 2886 685 2955; x_wconf 91' lang='lat' dir='ltr'>animo</span> <span class='ocrx_word' id='word_1_176' title='bbox 702 2894 853 2983; x_wconf 88' lang='lat' dir='ltr'>tenemus</span> <span class='ocrx_word' id='word_1_177' title='bbox 869 2886 982 2977; x_wconf 91' lang='lat' dir='ltr'>optimi</span> <span class='ocrx_word' id='word_1_178' title='bbox 1003 2888 1131 2953; x_wconf 84' lang='lat' dir='ltr'>tantum</span> <span class='ocrx_word' id='word_1_179' title='bbox 1151 2884 1276 2975; x_wconf 93' lang='lat' dir='ltr'>opinio·</span> 
     </span>
     <span class='ocr_line' id='line_1_23' title="bbox 261 3000 1271 3090; baseline 0.002 -22"><span class='ocrx_word' id='word_1_180' title='bbox 261 3022 337 3069; x_wconf 89' lang='lat' dir='ltr'>nem</span> <span class='ocrx_word' id='word_1_181' title='bbox 352 3009 384 3069; x_wconf 94' lang='lat' dir='ltr'>et</span> <span class='ocrx_word' id='word_1_182' title='bbox 398 3000 613 3090; x_wconf 87' lang='lat' dir='ltr'>particulares</span> <span class='ocrx_word' id='word_1_183' title='bbox 633 3003 796 3071; x_wconf 88' lang='lat' dir='ltr'>honorum</span> <span class='ocrx_word' id='word_1_184' title='bbox 811 3002 945 3071; x_wconf 85' lang='lat' dir='ltr'>notitias</span> <span class='ocrx_word' id='word_1_185' title='bbox 966 3021 1093 3069; x_wconf 91' lang='lat' dir='ltr'>necnon</span> <span class='ocrx_word' id='word_1_186' title='bbox 1107 3009 1271 3087; x_wconf 76' lang='grc' dir='ltr'>ἐπιστήμας,</span> 
     </span>
     <span class='ocr_line' id='line_1_24' title="bbox 260 3116 1274 3204; baseline -0.007 -14"><span class='ocrx_word' id='word_1_187' title='bbox 260 3138 326 3190; x_wconf 88' lang='lat' dir='ltr'>non</span> <span class='ocrx_word' id='word_1_188' title='bbox 343 3121 419 3185; x_wconf 84' lang='lat' dir='ltr'>verb</span> <span class='ocrx_word' id='word_1_189' title='bbox 436 3116 606 3186; x_wconf 82' lang='lat' dir='ltr'>scientiam</span> <span class='ocrx_word' id='word_1_190' title='bbox 625 3126 657 3186; x_wconf 88' lang='lat' dir='ltr'>et</span> <span class='ocrx_word' id='word_1_191' title='bbox 677 3125 728 3204; x_wconf 83' lang='grc' dir='ltr'>τὴν</span> <span class='ocrx_word' id='word_1_192' title='bbox 740 3125 904 3204; x_wconf 79' lang='grc' dir='ltr'><strong>ἐπιστήμην.</strong></span> <span class='ocrx_word' id='word_1_193' title='bbox 926 3117 1087 3204; x_wconf 85' lang='lat' dir='ltr'>Namque,</span> <span class='ocrx_word' id='word_1_194' title='bbox 1109 3125 1147 3186; x_wconf 92' lang='lat' dir='ltr'>ut</span> <span class='ocrx_word' id='word_1_195' title='bbox 1166 3137 1274 3204; x_wconf 87' lang='lat' dir='ltr'>gram-</span> 
     </span>
     <span class='ocr_line' id='line_1_25' title="bbox 261 3233 1272 3323; baseline 0 -24"><span class='ocrx_word' id='word_1_196' title='bbox 261 3233 381 3302; x_wconf 80' lang='lat' dir='ltr'>matice</span> <span class='ocrx_word' id='word_1_197' title='bbox 404 3233 533 3323; x_wconf 85' lang='lat' dir='ltr'>loquar,</span> <span class='ocrx_word' id='word_1_198' title='bbox 560 3238 627 3301; x_wconf 87' lang='lat' dir='ltr'>tota</span> <span class='ocrx_word' id='word_1_199' title='bbox 647 3255 702 3302; x_wconf 91' lang='lat' dir='ltr'>res</span> <span class='ocrx_word' id='word_1_200' title='bbox 727 3234 762 3301; x_wconf 90' lang='lat' dir='ltr'>in</span> <span class='ocrx_word' id='word_1_201' title='bbox 789 3256 826 3303; x_wconf 91' lang='lat' dir='ltr'>eo</span> <span class='ocrx_word' id='word_1_202' title='bbox 845 3239 1008 3312; x_wconf 88' lang='lat' dir='ltr'>versatur,</span> <span class='ocrx_word' id='word_1_203' title='bbox 1027 3236 1140 3302; x_wconf 84' lang='lat' dir='ltr'>utrum</span> <span class='ocrx_word' id='word_1_204' title='bbox 1153 3253 1272 3301; x_wconf 90' lang='lat' dir='ltr'>nomen</span> 
     </span>
     <span class='ocr_line' id='line_1_26' title="bbox 259 3348 1269 3438; baseline 0 -23"><span class='ocrx_word' id='word_1_205' title='bbox 259 3348 344 3416; x_wconf 91' lang='lat' dir='ltr'>illud</span> <span class='ocrx_word' id='word_1_206' title='bbox 371 3349 515 3418; x_wconf 82' lang='lat' dir='ltr'>scientiae</span> <span class='ocrx_word' id='word_1_207' title='bbox 539 3350 699 3438; x_wconf 82' lang='lat' dir='ltr'>singulari</span> <span class='ocrx_word' id='word_1_208' title='bbox 722 3370 859 3429; x_wconf 88' lang='lat' dir='ltr'>numero</span> <span class='ocrx_word' id='word_1_209' title='bbox 888 3370 929 3417; x_wconf 90' lang='lat' dir='ltr'>an</span> <span class='ocrx_word' id='word_1_210' title='bbox 954 3350 1072 3437; x_wconf 89' lang='lat' dir='ltr'>plurali</span> <span class='ocrx_word' id='word_1_211' title='bbox 1101 3349 1269 3417; x_wconf 88' lang='lat' dir='ltr'>habeatur.</span> 
     </span>
     <span class='ocr_line' id='line_1_27' title="bbox 260 3464 1270 3554; baseline -0.001 -22"><span class='ocrx_word' id='word_1_212' title='bbox 260 3465 368 3542; x_wconf 84' lang='lat' dir='ltr'>Quum</span> <span class='ocrx_word' id='word_1_213' title='bbox 393 3469 470 3533; x_wconf 84' lang='lat' dir='ltr'>verb</span> <span class='ocrx_word' id='word_1_214' title='bbox 497 3466 632 3535; x_wconf 90' lang='lat' dir='ltr'>nomina</span> <span class='ocrx_word' id='word_1_215' title='bbox 649 3466 716 3534; x_wconf 90' lang='lat' dir='ltr'>sint</span> <span class='ocrx_word' id='word_1_216' title='bbox 729 3486 843 3533; x_wconf 89' lang='lat' dir='ltr'>rerum</span> <span class='ocrx_word' id='word_1_217' title='bbox 856 3464 1031 3554; x_wconf 83' lang='lat' dir='ltr'>imagines,</span> <span class='ocrx_word' id='word_1_218' title='bbox 1049 3465 1124 3554; x_wconf 90' lang='lat' dir='ltr'>quis</span> <span class='ocrx_word' id='word_1_219' title='bbox 1138 3485 1205 3532; x_wconf 91' lang='lat' dir='ltr'>non</span> <span class='ocrx_word' id='word_1_220' title='bbox 1219 3464 1270 3531; x_wconf 90' lang='lat' dir='ltr'>in-</span> 
     </span>
     <span class='ocr_line' id='line_1_28' title="bbox 259 3578 1356 3679; baseline 0.001 -32"><span class='ocrx_word' id='word_1_221' title='bbox 259 3578 384 3669; x_wconf 85' lang='lat' dir='ltr'>telligat</span> <span class='ocrx_word' id='word_1_222' title='bbox 403 3583 486 3649; x_wconf 92' lang='lat' dir='ltr'>hanc</span> <span class='ocrx_word' id='word_1_223' title='bbox 507 3583 720 3679; x_wconf 83' lang='lat' dir='ltr'>quaestionem</span> <span class='ocrx_word' id='word_1_224' title='bbox 737 3603 756 3649; x_wconf 91' lang='lat' dir='ltr'>a</span> <span class='ocrx_word' id='word_1_225' title='bbox 773 3582 915 3660; x_wconf 88' lang='lat' dir='ltr'>Platone,</span> <span class='ocrx_word' id='word_1_226' title='bbox 935 3587 973 3650; x_wconf 91' lang='lat' dir='ltr'>ut</span> <span class='ocrx_word' id='word_1_227' title='bbox 987 3586 1119 3649; x_wconf 89' lang='lat' dir='ltr'>caeteras</span> <span class='ocrx_word' id='word_1_228' title='bbox 1142 3601 1268 3665; x_wconf 80' lang='lat' dir='ltr'>omneS,</span> <span class='ocrx_word' id='word_1_229' title='bbox 1353 3604 1356 3609; x_wconf 93' lang='lat'>·</span> 
     </span>
     <span class='ocr_line' id='line_1_29' title="bbox 188 3695 1270 3791; baseline 0.001 -29"><span class='ocrx_word' id='word_1_230' title='bbox 188 3702 191 3708; x_wconf 86' lang='lat'>&#39;</span> <span class='ocrx_word' id='word_1_231' title='bbox 260 3696 300 3763; x_wconf 88' lang='lat' dir='ltr'>ad</span> <span class='ocrx_word' id='word_1_232' title='bbox 323 3696 357 3763; x_wconf 93' lang='lat' dir='ltr'>id</span> <span class='ocrx_word' id='word_1_233' title='bbox 379 3696 506 3781; x_wconf 92' lang='lat' dir='ltr'>reduci,</span> <span class='ocrx_word' id='word_1_234' title='bbox 536 3703 573 3765; x_wconf 91' lang='lat' dir='ltr'>ut</span> <span class='ocrx_word' id='word_1_235' title='bbox 594 3699 689 3788; x_wconf 91' lang='lat' dir='ltr'>plura</span> <span class='ocrx_word' id='word_1_236' title='bbox 712 3719 788 3766; x_wconf 81' lang='lat' dir='ltr'>cunr</span> <span class='ocrx_word' id='word_1_237' title='bbox 813 3718 893 3775; x_wconf 92' lang='lat' dir='ltr'>uno,</span> <span class='ocrx_word' id='word_1_238' title='bbox 921 3718 1041 3786; x_wconf 90' lang='lat' dir='ltr'>resque</span> <span class='ocrx_word' id='word_1_239' title='bbox 1068 3695 1270 3791; x_wconf 73' lang='lat' dir='ltr'>multiplicps</span> 
     </span>
     <span class='ocr_line' id='line_1_30' title="bbox 258 3811 1374 3912; baseline 0 -32"><span class='ocrx_word' id='word_1_240' title='bbox 258 3833 334 3880; x_wconf 91' lang='lat' dir='ltr'>cum</span> <span class='ocrx_word' id='word_1_241' title='bbox 357 3811 501 3903; x_wconf 79' lang='lat' dir='ltr'>simplici</span> <span class='ocrx_word' id='word_1_242' title='bbox 520 3814 599 3881; x_wconf 94' lang='lat' dir='ltr'>honi</span> <span class='ocrx_word' id='word_1_243' title='bbox 623 3814 742 3904; x_wconf 92' lang='lat' dir='ltr'>specie,</span> <span class='ocrx_word' id='word_1_244' title='bbox 766 3812 898 3881; x_wconf 73' lang='lat' dir='ltr'>sinemo</span> <span class='ocrx_word' id='word_1_245' title='bbox 922 3819 1028 3899; x_wconf 74' lang='grc' dir='ltr'>ἀγαθοῦ</span> <span class='ocrx_word' id='word_1_246' title='bbox 1052 3818 1121 3897; x_wconf 82' lang='grc' dir='ltr'>ἰδέᾳ,</span> <span class='ocrx_word' id='word_1_247' title='bbox 1141 3832 1269 3900; x_wconf 90' lang='lat' dir='ltr'>compa·</span> <span class='ocrx_word' id='word_1_248' title='bbox 1367 3897 1374 3912; x_wconf 31' lang='grc' dir='ltr'><strong><em>Ι</em></strong></span> 
     </span>
     <span class='ocr_line' id='line_1_31' title="bbox 257 3926 1269 4018; baseline 0 -24"><span class='ocrx_word' id='word_1_249' title='bbox 257 3930 390 3994; x_wconf 83' lang='lat' dir='ltr'>rentur&#39;t</span> <span class='ocrx_word' id='word_1_250' title='bbox 405 3929 529 4016; x_wconf 89' lang='lat' dir='ltr'>ltaque,</span> <span class='ocrx_word' id='word_1_251' title='bbox 550 3928 708 4018; x_wconf 88' lang='lat' dir='ltr'>quamdiu</span> <span class='ocrx_word' id='word_1_252' title='bbox 724 3929 845 3996; x_wconf 93' lang='lat' dir='ltr'>summi</span> <span class='ocrx_word' id='word_1_253' title='bbox 869 3928 946 3996; x_wconf 93' lang='lat' dir='ltr'>honi</span> <span class='ocrx_word' id='word_1_254' title='bbox 962 3926 1084 3995; x_wconf 86' lang='lat' dir='ltr'>notitiae</span> <span class='ocrx_word' id='word_1_255' title='bbox 1098 3926 1269 4016; x_wconf 91' lang='lat' dir='ltr'>pluralitas</span> 
     </span>
     <span class='ocr_line' id='line_1_32' title="bbox 258 4023 1271 4137; baseline 0 -29"><span class='ocrx_word' id='word_1_256' title='bbox 258 4043 318 4110; x_wconf 86' lang='lat' dir='ltr'>ista</span> <span class='ocrx_word' id='word_1_257' title='bbox 344 4043 454 4121; x_wconf 90' lang='lat' dir='ltr'>inerit,</span> <span class='ocrx_word' id='word_1_258' title='bbox 477 4049 539 4131; x_wconf 77' lang='lat' dir='ltr'>qua</span> <span class='ocrx_word' id='word_1_259' title='bbox 562 4044 598 4111; x_wconf 87' lang='lat' dir='ltr'>fit</span> <span class='ocrx_word' id='word_1_260' title='bbox 615 4052 652 4111; x_wconf 90' lang='lat' dir='ltr'>ut</span> <span class='ocrx_word' id='word_1_261' title='bbox 670 4046 795 4137; x_wconf 89' lang='lat' dir='ltr'>honum</span> <span class='ocrx_word' id='word_1_262' title='bbox 818 4044 989 4132; x_wconf 84' lang='lat' dir='ltr'>multiplex</span> <span class='ocrx_word' id='word_1_263' title='bbox 1010 4063 1082 4110; x_wconf 87' lang='lat' dir='ltr'>esse</span> <span class='ocrx_word' id='word_1_264' title='bbox 1106 4023 1271 4127; x_wconf 22' lang='lat' dir='ltr'>videatur,-</span> 
     </span>
     <span class='ocr_line' id='line_1_33' title="bbox 258 4154 1320 4248; baseline -0.001 -24"><span class='ocrx_word' id='word_1_265' title='bbox 258 4158 383 4225; x_wconf 87' lang='lat' dir='ltr'>tamdiu</span> <span class='ocrx_word' id='word_1_266' title='bbox 407 4180 525 4247; x_wconf 86' lang='lat' dir='ltr'>anceps</span> <span class='ocrx_word' id='word_1_267' title='bbox 546 4182 624 4226; x_wconf 89' lang='lat' dir='ltr'>usus</span> <span class='ocrx_word' id='word_1_268' title='bbox 641 4168 673 4226; x_wconf 89' lang='lat' dir='ltr'>et</span> <span class='ocrx_word' id='word_1_269' title='bbox 697 4158 872 4227; x_wconf 88' lang='lat' dir='ltr'>voluntatis</span> <span class='ocrx_word' id='word_1_270' title='bbox 885 4154 1083 4244; x_wconf 80' lang='lat' dir='ltr'>ambiguitas</span> <span class='ocrx_word' id='word_1_271' title='bbox 1097 4177 1266 4248; x_wconf 85' lang='lat' dir='ltr'>permane-</span> <span class='ocrx_word' id='word_1_272' title='bbox 1315 4182 1320 4192; x_wconf 81' lang='grc'><em>’</em></span> 
     </span>
    </p>
   </div>
   <div class='ocr_carea' id='block_1_3' title="bbox 0 0 1508 4918">
    <p class='ocr_par' dir='ltr' id='par_1_4' title="bbox 0 0 1508 4918">
     <span class='ocr_line' id='line_1_34' title="bbox 0 0 1508 4918; baseline 0 0"><span class='ocrx_word' id='word_1_273' title='bbox 0 0 1508 4918; x_wconf 95' lang='lat' dir='ltr'> </span> 
     </span>
    </p>
   </div>
  </div>
 </body>
</html>
