2990 4918
284 495 346 547 altu
361 492 523 546 SOGRATICA
538 493 653 546 contat
670 491 798 544 blbllllllll
813 492 973 547 lamentet!
988 495 1170 549 ARGUMENTA.
1203 496 1234 546 2⁵

214 623 373 710 quaedam
397 620 534 690 materia
558 627 590 690 et
612 628 843 709 argumentum
869 621 983 691 baberi
1007 623 1132 714 possit,
1147 624 1234 713 quod

212 737 308 806 Plato
321 738 356 804 in
369 737 486 827 Hippio
500 737 620 806 Minora
641 736 855 806 luculentiori
869 737 1001 827 ingenio
1026 740 1179 810 tractavit
1201 745 1234 809 et

212 855 404 946 explicavit.
423 854 516 945 Apud
536 854 797 943 Xenophontem,
816 861 855 923 ut
872 856 959 945 apud
972 856 1153 941 Platonem,
1177 877 1231 925 res

214 978 272 1041 est
293 993 369 1040 cum
394 971 525 1040 homine
546 991 582 1039 se
603 970 736 1039 doctum
756 975 789 1038 et
814 971 997 1060 sapientem
1022 971 1102 1041 lalsd
1126 972 1232 1041 existi·

217 1094 346 1173 mante,
360 1086 509 1178 quamvis
527 1108 596 1154 non
612 1087 692 1155 adeb
710 1089 1033 1175 suprb'communem
1050 1088 1140 1178 vulgi
1162 1089 1233 1179 opi·

214 1206 354 1274 aionem
369 1210 494 1291 surgat,
512 1204 635 1273 nedum
651 1202 821 1272 scientiam
835 1204 1008 1292 attigerit¹.
1024 1244 1065 1257 -
1089 1227 1102 1263 ιι
1122 1214 1183 1274 Τῶν
1200 1213 1232 1276 δὲ

213 1327 252 1407 ὀὴ
265 1329 329 1404 τοὺς
341 1329 439 1410 pibone
453 1323 653 1401 ἐξαπατώντων
667 1328 712 1389 ἐπὶ
729 1327 832 1412 βλᾶὀῃ,
851 1328 895 1388 ἵνα
910 1327 981 1406 μηδὲ
998 1332 1077 1390 τοῦτο
1093 1329 1232 1413 παραλεί·

212 1465 315 1523 πωμεν
326 1443 476 1521 ἄσκεπτον,
494 1445 612 1524 πότερος
623 1440 790 1525 ἀδικώτερός
804 1443 888 1519 ἐστιν,
905 1444 920 1504 θ
934 1443 1035 1522 {abab
1049 1444 1065 1505 ὀ
1080 1443 1157 1507 ἄκων
1167 1465 1174 1518 ;
1186 1476 1232 1491 -

217 1553 317 1638 Ἀλλ’,
334 1557 534 1642 ῶΣῶκρατες,
550 1558 601 1621 οὐκ
613 1559 654 1623 ἔτι
673 1561 724 1647 μὲν
737 1557 960 1667 ἕγωγερπιοτεόω
975 1554 1016 1633 οἷς
1032 1559 1228 1643 ἀποκρίνομαι·

212 1674 263 1739 καὶ
276 1676 331 1757 γὰρ
343 1676 379 1737 τὰ
392 1677 512 1757 πρόσθεν
532 1676 622 1737 πάντα
641 1678 687 1736 νῶν
703 1673 802 1745 ἄλλως
815 1674 890 1754 ἔχειν
908 1676 988 1737 δοκεῖ
1003 1695 1050 1752 μοι
1071 1677 1091 1754 ἢ
1110 1675 1148 1750 ῶς
1171 1675 1230 1757 ἐγὼ

211 1794 277 1857 τότε
291 1792 382 1872 ᾤμην
397 1794 473 1869 ὅμως
484 1792 515 1853 δὲ
530 1791 651 1873 εἰρήσθω
664 1812 709 1868 μοι
726 1790 893 1873 ἀδικώτερον
905 1787 977 1853 εἶναι
991 1792 1038 1853 τόν
1051 1793 1152 1855 ἑκόντα
1164 1795 1231 1872 abeo·

212 1909 330 1986 θέμενον
357 1913 406 1972 τοῦ
429 1906 557 1981 ἄκοντος.
579 1926 596 1966 ι)
618 1941 661 1952 -
684 1901 741 1968 llic
766 1922 864 1970 nemo
886 1922 954 1970 non
979 1908 1135 1992 agnoscet
1156 1901 1229 1992 ipsa

212 2019 439 2088 celeberrimae
466 2017 635 2087 sententiae
659 2018 757 2087 verba
784 2042 792 2083 ι
821 2025 910 2097 κακὸς
930 2017 1006 2087 sine
1036 2018 1228 2099 &tenacitatis

212 2141 312 2214 οὐδείς.
336 2135 446 2224 Fingit
467 2134 628 2218 Socrates,
658 2135 752 2203 solita
774 2155 856 2202 usus
879 2141 1017 2222 εἰρωνείᾳ,
1040 2155 1075 2202 se
1099 2133 1228 2222 vulgari

193 2276 197 2285 ‘
213 2253 389 2345 bominum
398 2250 546 2342 opinioni
557 2251 710 2321 assentiri
720 2251 777 2340 qui
788 2250 990 2319 voluntarias
1003 2270 1076 2320 esse
1087 2249 1227 2339 injurias

214 2376 343 2459 putant,
355 2376 393 2436 ut
409 2369 487 2437 inde
499 2348 596 2436 illam
612 2367 814 2456 opinionem,
831 2366 979 2437 adhibita
992 2366 1174 2452 dialectici,
1185 2367 1227 2435 ad

214 2487 394 2555 absurdum
423 2487 573 2555 reducat.
603 2485 664 2552 Ubi
686 2488 762 2552 verb
787 2483 1015 2577 Euthydemus
1038 2506 1075 2552 ex
1101 2482 1227 2571 vulgari

214 2604 368 2694 opinione
389 2624 584 2693 responsum
609 2601 689 2670 feeit
705 2601 909 2691 imprudens,
927 2608 1007 2670 tunc
1022 2603 1224 2686 inductione,

213 2729 249 2787 ut
260 2720 396 2805 solebat,
414 2739 495 2786 usus
507 2718 657 2786 Socrates
670 2741 677 2781 :
688 2756 729 2769 -
740 2742 757 2782 κ
771 2725 858 2785 Δοκεῖ
871 2724 902 2784 δέ
913 2706 962 2785 ’σοι
976 2726 1094 2802 μάθησις
1105 2726 1153 2787 καί
1165 2725 1227 2789 ἐπι-

213 2843 302 2919 στήμη
317 2846 365 2904 τοῦ
377 2841 481 2902 δικαίου
492 2837 682 2925 standene
693 2846 748 2902 τῶν
764 2841 957 2922 γραμμάτων;
974 2874 1016 2887 -
1030 2833 1165 2923 Ἔμοιγε·
1181 2874 1225 2889 -

213 2959 332 3040 Πότερον
342 2961 373 3021 δὲ
388 2963 653 3040 γραμματικώτερον
667 2960 779 3042 κρίνεις,
794 2960 826 3031 θς
842 2963 876 3019 ἄν
894 2960 967 3022 ἑκὼν
982 2961 1021 3040 μὴ
1031 2960 1121 3043 ὀρθῶς
1131 2965 1225 3047 γρᾶρῃ

212 3075 259 3138 καὶ
272 3077 478 3161 ἀναγιγνώσκῃ,
496 3080 515 3155 ἢ
529 3079 561 3150 θς
577 3081 609 3140 ἂν
622 3077 716 3159 daea,
733 3110 779 3129 -v
789 3070 883 3150 Ὃςᾶν
896 3078 981 3156 ἑκὼν,
998 3078 1104 3160 ἔγωγε·
1118 3081 1224 3144 δύναιτο

212 3193 266 3274 γὰρ
277 3196 323 3269 ἄν,
338 3193 420 3254 ὀπότε
438 3192 578 3274 βούλοιτο,
599 3192 648 3254 καὶ
660 3194 751 3275 ὀρθῶς
765 3192 833 3254 αὐτὰ
846 3197 945 3255 ποιεῖν.
962 3226 1004 3238 -
1020 3196 1157 3257 Οὐκοῦνό
1173 3198 1224 3274 μὲν

212 3309 284 3370 ἑκὼν
298 3310 338 3388 μὴ
361 3308 452 3390 ὀρθῶς
470 3311 583 3391 γρᾶρων
597 3309 789 3390 γραμματικός
804 3313 837 3369 ἄν
858 3307 916 3388 εἴη,
936 3311 951 3371 θ
968 3311 998 3372 δὲ
1015 3310 1090 3373 ἄκων
1112 3312 1224 3394 ἀγράμ-

211 3443 318 3503 ματος;
336 3456 378 3467 --
399 3428 465 3497 Πῶς
483 3426 538 3508 γὰρ
557 3425 605 3494 οὓς
635 3444 652 3483 ν)
673 3459 713 3470 -
736 3420 808 3487 Haec
822 3440 889 3486 non
903 3421 972 3508 jam
986 3427 1149 3509 εἰρωνικῶς,
1167 3423 1224 3490 sed

212 3535 299 3602 serit)
329 3557 347 3603 a
379 3534 510 3604 Socrate
529 3538 721 3625 ponuntur;
747 3535 873 3603 solebat
898 3533 986 3602 enim
1021 3557 1060 3603 er
1086 3536 1223 3605 diversis

211 3649 439 3719 doctrinarum
464 3652 640 3740 generibus
666 3652 707 3721 ad
732 3651 886 3719 virtutem
913 3672 972 3740 per
997 3650 1224 3722 inductionem

210 3766 399 3855 procedere.
421 3807 467 3818 —
489 3776 563 3836 «Τᾶ
587 3774 678 3837 δίκαια
692 3775 723 3837 δὲ
737 3777 854 3855 πότερον
867 3773 881 3834 ὀ
895 3774 968 3836 ἑκὼν
987 3775 1155 3854 ψευδόμενος
1176 3777 1224 3840 καὶ

211 3884 357 3963 ἐξαπατῶν
377 3885 463 3971 οἶδεν,
485 3893 504 3968 ἢ
526 3891 542 3952 ὀ
565 3890 659 3971 ἄκων,
681 3923 727 3935 -
747 3891 841 3969 Δῆλον
863 3890 935 3952 ὀτιό
956 3890 1040 3953 ὲκῶν.
1058 3920 1100 3935 ·-
1117 3891 1223 3955 Οὐκοῦν

241 4169 250 4201 ¹
266 4183 279 4215 ι
295 4166 348 4226 Τοῖς
361 4168 386 4218 ὀὶ
399 4175 520 4233 νομίζοντι
539 4169 650 4227 παιδείας
661 4187 689 4219 τι
699 4177 740 4226 τῆς
751 4169 847 4233 ἀρίστης
857 4176 1011 4234 τετυχηκέναι
1029 4174 1069 4220 καὶ
1092 4159 1155 4235 μέγα
1167 4192 1223 4238 ppo·

211 4256 288 4301 neco
298 4251 338 4300 ὀπὶ
351 4255 422 4319 σοφίᾳ
432 4253 462 4307 ὡς
473 4256 626 4317 προςεφέρετο
636 4256 674 4299 νῦν
685 4249 837 4313 διηγήσομαι.
854 4264 866 4295 ν
880 4251 963 4312 Mem..
976 4251 1013 4309 lll,
1027 4260 1054 4298 ιι.
