2990 4918
145 497 153 516 “
236 522 267 571 σι
547 514 688 567 retronis
705 512 823 564 nrrrras
838 513 934 565 arnon

237 656 268 715 et
289 668 366 717 vera
387 645 497 716 dicere
523 650 556 713 et
571 641 652 711 falsa
670 640 879 710 comminisci
893 641 1016 732 optime
1036 665 1143 734 posse.
1166 645 1250 713 Nam

226 741 296 854 >qu'i
312 762 384 852 ejus
402 761 450 831 rei
471 759 648 851 imperitus
665 764 728 844 est,
751 758 780 826 is
802 759 882 826 dum
904 759 1038 828 mentiri
1059 761 1143 846 vult,
1164 782 1251 863 saepe

109 900 119 915 ¹
237 900 298 970 per
311 899 456 948 errorem
471 883 504 947 et
517 873 735 965 ignorantiam
746 895 821 944 vcra
835 873 994 964 loquitur.
1005 876 1102 956 'Quod
1117 878 1250 967 quidem

237 995 387 1065 Socrates
410 993 625 1085 perspicuum
638 992 748 1060 reddit
764 991 859 1079 longa
878 993 1102 1082 exemplorum
1119 1015 1253 1063 enume-

237 1113 376 1195 ratione
395 1131 469 1200 quae
489 1110 576 1178 lacet
561 1112 702 1198 tterepc
703 1107 729 1176 it
744 1127 783 1175 ex
800 1106 844 1176 iis
862 1108 989 1178 artibus
1015 1131 1052 1178 ac
1064 1109 1253 1200 disciplinis

238 1229 325 1298 circa
342 1248 433 1345 quas
443 1226 591 1316 sophista
609 1245 629 1294 a
654 1224 831 1315 semetipso
854 1232 1022 1314 perceptas
1039 1226 1250 1314 gloriabatur.

237 1344 340 1413 Nemo
354 1351 403 1412 est
419 1341 477 1433 qui
488 1363 554 1410 non
565 1340 705 1410 viderit
696 1362 731 1407 m
745 1340 808 1409 hoc
819 1340 911 1409 loco
901 1341 1065 1431 insignem
1076 1343 1253 1431 quamdam

237 1480 308 1529 esse
330 1458 498 1527 irrisionis
515 1457 726 1546 elegantiam,
751 1462 791 1525 ut
811 1456 920 1525 verbis
935 1456 970 1524 St
972 1456 1143 1526 allbaumii
1161 1463 1250 1539 utar;

237 1599 300 1645 nec
318 1581 433 1645 hmen
453 1574 609 1643 uiderunt
629 1572 827 1663 interpretes
850 1577 952 1663 quam
976 1575 1041 1643 alta
1062 1576 1179 1644 lateret
1193 1555 1255 1643 suh

238 1685 296 1787 illd
312 1691 465 1760 irrisione
481 1689 699 1781 philosophiae
714 1689 812 1758 ratio.
828 1689 894 1758 lloc
916 1690 1005 1759 enim
1019 1690 1165 1759 Socrates
1178 1712 1256 1781 pro·
1337 1749 1339 1753 .

239 1809 383 1900 positum
399 1809 509 1893 habet,
527 1828 593 1875 non
611 1807 711 1875 modo
724 1812 762 1874 ut
778 1806 933 1875 eumdem
948 1806 1099 1897 Hippiam
1115 1808 1257 1876 marimo

241 1930 355 2015 aptum
373 1944 447 1993 esse
460 1923 502 1992 ad
514 1922 744 1992 mentiendum
760 1922 933 2010 significet,
955 1923 1013 1991 sed
1033 1931 1071 1991 ut
1086 1922 1257 1993 convincat

242 2040 466 2129 sophistarum
477 2044 565 2107 artes
580 2043 611 2106 et
625 2037 792 2105 doctrines
802 2057 868 2105 non
881 2039 1066 2107 necessario
1075 2038 1117 2106 ad
1132 2038 1256 2106 bonum
1327 2029 1329 2033 ¹

242 2159 295 2224 sul
307 2174 409 2222 usum
425 2154 519 2239 verti,
536 2152 680 2220 maxime
695 2160 807 2221 autem
822 2150 995 2243 ambiguas
1007 2173 1091 2235 csse,
1104 2159 1137 2222 et
1149 2153 1186 2220 in
1200 2153 1260 2221 du-

244 2270 323 2361 plici
348 2291 428 2354 usu‚
451 2273 509 2337 aut
526 2268 626 2352 bono,
651 2267 832 2350 autmelo,
858 2268 1002 2338 incertas
1023 2290 1061 2339 ac
1084 2269 1260 2339 mutabiles

245 2386 384 2457 versari.
402 2384 492 2454 Unde
508 2385 659 2475 sequitur
676 2385 770 2454 nullo
790 2386 889 2454 modo
912 2387 1074 2477 sapientes
1093 2408 1166 2457 esse
1180 2387 1260 2454 istos

228 2586 230 2591 ⁴
247 2503 425 2592 sophistas,
442 2509 556 2591 utpote
573 2502 632 2592 qui
647 2502 909 2573 nonnecessarid
925 2503 1002 2570 honi
1018 2503 1085 2571 sint
1098 2478 1264 2592 ettempe

246 2626 357 2688 rantes
373 2626 407 2688 et
415 2638 549 2688 veraces
566 2643 575 2683 z
590 2620 681 2687 solus
692 2619 782 2688 enim
799 2628 882 2708 σορός
898 2623 961 2705 est,
978 2619 1036 2711 qui
1055 2624 1088 2689 et
1100 2628 1213 2708 σώφρων
1229 2624 1263 2688 et

246 2743 352 2815 δίκαιος
368 2759 377 2803 :
394 2773 432 2788 -
451 2742 640 2824 «Σορίοινιιαὶ
653 2746 824 2826 σωφροσύνην
838 2743 869 2805 οὐ
882 2742 1002 2826 διώριζε.
1021 2761 1039 2801 u

292 2853 379 2921 lnest
400 2852 502 2939 igitur
524 2853 614 2920 falsae
631 2852 857 2942 sophistarum
875 2852 1030 2935 scientiae,
1052 2872 1125 2942 quae
1140 2872 1207 2921 non
1222 2850 1263 2919 ad

248 2969 349 3036 finem
372 2989 480 3036 unurn
503 2972 536 3036 et
554 2967 744 3041 absolutum
767 2974 890 3058 spectat
915 2969 959 3058 (τὸ
980 2975 1112 3055 ἀγαθόν),
1142 2966 1263 3058 duplex

249 3105 333 3154 usus
356 3091 389 3153 et
410 3084 531 3174 duplex
555 3085 716 3174 potentia,
745 3106 818 3174 quae
842 3091 923 3153 tunc
950 3085 1044 3164 hene,
1072 3091 1154 3154 tunc
1176 3085 1265 3155 male

250 3200 377 3290 agendo
394 3222 466 3271 sese
482 3200 753 3270 ostenditllomo
768 3201 870 3292 igitur
882 3201 942 3292 qui
956 3200 1044 3298 idem
1065 3201 1113 3292 (in
1131 3201 1263 3292 genere)

251 3324 313 3401 est,
325 3319 383 3388 ille
392 3324 450 3388 aut
459 3317 601 3388 mendax
611 3325 668 3387 aut
678 3339 774 3387 verus
789 3319 837 3410 (in
847 3320 964 3411 specie)
974 3319 1124 3388 videtur·
1134 3320 1195 3399 Qui
1207 3318 1267 3387 sci-

249 3434 328 3503 licet
340 3434 495 3504 interiore
512 3427 657 3525 quodam
668 3435 895 3504 doctrinarum
905 3456 1023 3525 genere
1035 3436 1149 3525 pollet,
1159 3436 1267 3525 qualis

253 3561 303 3621 est
316 3568 536 3621 numerorum
545 3553 630 3622 ratio
647 3578 655 3620 ι
675 3591 717 3604 -
733 3577 751 3616 a
767 3559 874 3622 Οὐκοῦν
885 3561 902 3621 ὁ
914 3559 996 3633 οὗτος
1007 3560 1094 3640 ψευδῆ
1112 3559 1159 3621 καὶ
1172 3559 1268 3639 ἀληθῆ

205 3662 210 3667 ’
252 3677 349 3758 λέγειν
360 3676 422 3760 περὶ
437 3677 579 3757 λογισμῶν
588 3676 713 3750 δυνατός·
725 3671 804 3748 οὗτος
817 3670 842 3738 δ’
853 3675 925 3739 ἐστὶν
934 3677 949 3738 ὅ
959 3677 1065 3757 ἀγαθὸς
1074 3674 1138 3759 περὶ
1151 3677 1266 3753 τούτων,

252 3794 423 3875 λογιστικός.
441 3826 482 3838 -
497 3792 563 3856 Ναί.
577 3825 621 3837 -
635 3792 683 3867 Τίς
692 3784 738 3856 οὖν
748 3792 920 3877 ψευδὴςιιερὶ
933 3793 1077 3875 λογισμῶν
1089 3793 1225 3873 γίγνεται,
1243 3789 1267 3852 ὦ

229 3928 232 3931 ·
256 3905 362 3985 Ἱσιιία,
384 3910 502 3987 ἄλλοςῆ
531 3909 680 3992 ὁᾶγαθόςς
702 3906 781 3983 οὗτος
794 3910 849 3993 γὰρ
864 3909 911 3971 καὶ
925 3911 1049 3982 δυνατός·
1074 3904 1153 3982 οὗτος
1171 3908 1202 3970 δὲ
1221 3907 1269 3969 καὶ

254 4026 375 4105 ἀληθής·
390 4060 433 4072 -
451 4027 597 4091 Φαίνεται.
615 4060 657 4071 -
674 4021 762 4111 Ὁρᾷς
776 4024 833 4106 οὖν,
852 4027 922 4090 ὅτιὸ
943 4026 1024 4101 οὗτος
1053 4027 1154 4106 ψευδής
1175 4048 1207 4090 σε
1221 4023 1268 4088 eal

255 4143 366 4224 ἀληθὴς
377 4143 565 4226 περὶτούτων,
584 4143 634 4205 καὶ
649 4144 727 4207 οὐδὲν
751 4143 869 4223 ἀμείνων
883 4143 899 4204 ὁ
913 4143 1022 4223 ἀληθὴς
1038 4147 1086 4206 τοῦ
1102 4143 1231 4223 ψευδοῦς,
1253 4141 1270 4202 ὁ

256 4258 336 4333 οὗτος
350 4261 405 4344 γὰρ
418 4261 505 4341 δήπου
530 4259 587 4324 ἐστὶ
603 4261 650 4324 acl
667 4261 718 4324 οὐκ
740 4262 923 4325 ἐναντιώτατοι
939 4260 1020 4343 ἔχει,
1043 4251 1137 4343 ὥσπερ
1160 4260 1191 4321 σὺ
1213 4257 1268 4339 ᾤου
